1409 2282
657 68 796 107 OVID

125 189 200 213 nec
221 176 376 220 dubim,
398 178 508 225 quin,
531 180 571 211 te
593 177 623 211 si
644 186 873 223 prosequar,
895 186 1003 209 arma
1022 176 1226 222 parentur.
1252 172 1328 207 245

178 243 254 278 ibit
273 254 346 291 per
365 240 531 290 gladios,
554 243 589 276 ei
610 239 732 276 mihi!
763 243 900 275 noster
919 251 1038 274 amor.

126 321 177 343 an
197 307 282 344 fera
303 307 514 343 Centauris
535 306 712 342 indicere
734 304 840 341 bella
861 306 995 353 coegit

180 374 338 409 Atracis
362 373 608 409 Haemonios
631 370 903 420 Hippodamia
922 372 1080 405 viros—-

126 444 172 476 tu
193 438 277 475 fore
297 444 381 475 tam
402 441 506 474 iusta
525 437 683 474 lentum
705 435 923 472 Menelaon
943 438 985 471 in
1005 437 1062 470 ira

187 510 228 541 et
249 506 431 553 geminos
452 503 596 539 fratres
617 501 957 552 Tyndareumque
978 502 1124 549 putas?
1255 499 1332 536 250

130 569 250 616 Quod
272 570 376 606 bene
397 574 439 606 te
460 571 585 605 iactes
608 572 650 604 et
669 567 789 604 fortia
809 566 915 603 facta
936 566 1122 616 loquaris,

183 649 203 671 a
226 636 357 672 verbis
378 634 499 671 facies
520 633 689 671 dissidet
709 636 785 670 ista
803 635 894 670 tuis.

128 706 223 750 apta
242 703 369 750 magis
391 700 553 745 Veneri,
575 713 693 749 quam
715 704 810 735 sunt
829 704 897 735 tua
919 711 1082 746 corpora
1104 697 1236 733 Marti.

183 766 289 803 bella
309 770 453 815 gerant
473 764 612 810 fortes,
632 770 690 809 tu,
714 764 813 809 Parij
834 777 993 813 semper
1013 777 1101 799 ama
1121 764 1127 799 ἔ

134 833 325 877 Hectora,
348 845 468 881 quem
488 830 638 876 laudas,
660 843 732 880 pro
752 835 794 867 te
815 842 994 879 pugnare
1016 829 1178 873 iubeto;
1258 829 1333 864 255

184 898 327 934 militia
344 902 406 934 est
426 899 556 946 operis
577 897 703 933 altera
723 896 845 945 digna
865 898 955 932 tuis.

131 964 192 1000 his
216 977 304 1013 ego,
327 966 357 999 si
378 976 560 1012 saperem
582 962 780 1012 pauloque
801 961 987 998 audacior
1007 974 1148 1003 essem,

186 1035 323 1066 uterer
341 1042 348 1072 ;
378 1034 528 1074 utetur,
551 1031 663 1078 siqua
682 1027 818 1077 puella
837 1030 995 1076 sapit——

132 1100 203 1131 aut
223 1108 299 1144 ego
319 1094 503 1143 deposito
523 1096 673 1142 sapiam
694 1092 861 1129 fortasse
881 1092 1034 1142 pudore

187 1165 229 1197 et
250 1159 354 1195 dabo
374 1164 583 1195 cunctatas
603 1164 786 1208 tempore
807 1161 911 1194 victa
931 1170 1082 1193 manus.
1261 1157 1337 1193 260

134 1225 253 1272 Quod
274 1228 392 1274 petiS‚
414 1229 459 1260 ut
479 1223 619 1260 furtim
639 1229 873 1273 praesentes
894 1226 969 1259 ista
989 1223 1210 1272 loquamur,

188 1293 345 1336 scimus,
367 1290 463 1340 quid
484 1295 621 1339 captes
643 1289 979 1338 conloquiumque
1000 1301 1140 1332 voces;

133 1356 204 1393 sed
221 1358 388 1392 nimium
406 1368 606 1405 properas,
622 1360 664 1392 et
679 1354 810 1391 adhuc
826 1357 1050 1406 tua-messis
1067 1357 1107 1389 in
1123 1353 1247 1390 herba
1263 1358 1335 1390 est.

188 1422 287 1458 haec
308 1435 418 1457 mora
439 1424 489 1458 sit
510 1427 605 1458 voto
626 1420 757 1457 forsan
779 1422 905 1456 amica
925 1425 1006 1457 tuo.

139 1488 349 1524 Hactenus
367 1500 375 1531 3
405 1500 593 1523 arcanum
614 1486 786 1522 furtivae
808 1488 963 1522 conscia
983 1488 1131 1521 mentis
1262 1485 1337 1520 265

188 1552 325 1589 littera
346 1555 423 1588 iam
444 1551 547 1587 lasso
568 1551 711 1600 pollice
732 1554 847 1587 sistat
867 1564 976 1600 opus.

135 1623 270 1654 cetera
291 1630 363 1666 per
383 1620 505 1653 socias
528 1616 751 1666 Clymenen
772 1616 1049 1665 Aethramque
1069 1616 1289 1666 loquamur,

190 1696 292 1733 quae
313 1682 410 1718 mihi
432 1688 526 1719 sunt
547 1685 713 1719 comites
734 1681 1022 1731 consiliumque
1043 1681 1157 1718 duae.

141 2040 214 2073 242
