1445 2297
719 116 858 156 OVID

186 238 357 274 cumque
378 228 458 262 tuis
479 238 548 261 sua
568 226 787 260 iunxerunt
808 223 1073 272 Nemesisque
1094 224 1280 271 priorque

240 285 373 321 oscula
394 299 468 322 nec
490 284 592 321 solos
613 283 835 320 destituere
857 296 982 332 rogos.

187 345 304 382 Delia
325 345 576 382 descendens
599 349 622 364 ‘⁷‘
635 343 790 380 felicius
807 344 827 355 ''
851 346 982 393 inquit
1003 347 1170 379 “amata
1340 342 1390 378 55

241 419 328 442 sum
348 406 447 450 tibi;
477 407 622 450 vixisti,
644 404 739 440 dum
761 410 853 441 tuus
874 406 978 453 ignis
1000 402 1146 439 eram.”

187 468 249 502 cui
281 465 466 502 Nemesis
495 464 629 515 “quid
646 464 666 475 ”
697 467 752 501 ait
777 465 889 501 “tibi
919 469 1013 501 sunt
1037 477 1127 500 mea
1155 463 1301 500 damna

295 525 421 562 dolori
438 527 451 563 ?

241 599 306 621 me
325 588 461 622 tenuit
480 588 653 621 moriens
674 584 888 621 deficiente
908 583 1068 620 manu.''

188 646 228 682 Si
249 651 387 682 tamen
409 659 430 682 e
451 646 565 682 nobis
585 644 736 695 aliquid
757 647 832 681 nisi
853 657 1001 680 nomen
1022 649 1064 680 et
1093 644 1232 680 umbra

242 711 380 751 restat,
401 708 442 741 in
463 705 597 755 Elysia
617 704 720 741 valle
740 703 922 741 Tibullus
944 706 1030 741 erit.
1345 703 1395 740 60

188 767 326 802 obvius
348 765 439 801 huic
461 768 595 801 venias
615 764 767 801 hedera
787 764 985 800 iuvenalia
1006 766 1161 800 cinctus

242 831 425 874 tempora
446 839 536 862 cum
558 824 690 870 Calvo,
712 824 831 861 docte
853 823 1022 869 Catulle,
1043 829 1114 860 tuo
1133 836 1142 867 3

190 891 233 922 tu
256 898 428 935 quoque,
450 888 481 921 si
501 884 646 922 falsum
669 889 730 921 est
749 887 938 921 temerati
959 887 1111 920 crimen
1131 886 1260 929 amici,

244 948 448 995 sanguinis
468 951 590 995 atque
610 947 766 981 animae
788 944 955 994 prodige
977 943 1093 980 Galle
1114 948 1219 980 tuae.

191 1006 252 1042 his
273 1019 405 1043 comes
426 1006 566 1042 umbra
587 1011 657 1042 tua
678 1010 740 1042 est
758 1018 766 1049 3
796 1007 908 1055 siqua
929 1010 991 1041 est
1011 1004 1130 1040 modo
1151 1006 1324 1053 corporis

300 1067 452 1112 umbra,
1350 1064 1398 1100 65

245 1130 388 1164 auxisti
410 1139 611 1172 numeros,
632 1126 740 1163 culte
762 1125 934 1171 Tibulle,
955 1128 1051 1175 pios.

190 1202 276 1225 ossa
297 1190 445 1238 quieta,
467 1200 620 1237 precor,
640 1192 729 1224 tuta
750 1188 988 1236 requiescite
1009 1188 1050 1221 in
1071 1198 1183 1231 urna,

246 1254 288 1285 et
308 1251 359 1285 sit
380 1248 524 1284 humus
545 1250 669 1284 cineri
691 1260 771 1283 11011
792 1259 959 1283 onerosa
978 1246 1072 1283 tuo!

775 1404 820 1445 X

194 1512 341 1548 ANNUA
364 1515 563 1547 venerunt
584 1510 758 1547 Cerealis
778 1515 960 1560 tempora
981 1512 1103 1554 sacri3

248 1575 413 1611 secubat
432 1576 473 1609 in
495 1586 618 1609 vacuo
638 1573 720 1609 sola
739 1573 874 1623 puella
893 1578 991 1610 toro.

194 1636 292 1673 flava
313 1636 445 1681 Ceres,
466 1641 611 1672 tenues
633 1638 750 1685 spicis
770 1635 957 1672 redimita
979 1635 1154 1685 capillos,

249 1712 318 1735 cur
337 1697 497 1735 inhibes
519 1700 637 1734 sacris
659 1697 867 1735 commoda
888 1703 1025 1735 nostra
1045 1700 1124 1735 tuis
1141 1699 1155 1733 Ρ

194 1761 264 1807 Te,
286 1761 374 1806 dea,
395 1760 624 1797 munificam
645 1766 790 1810 gentes
811 1761 1039 1811 ubiquaque
1061 1761 1292 1810 loquuntur,
1377 1758 1399 1795 5

249 1837 324 1860 nec
344 1826 477 1860 minus
497 1823 681 1860 humanis
701 1823 856 1860 invidet
876 1823 956 1860 ulla
977 1825 1101 1860 bonis.

197 1891 292 1923 ante
314 1899 388 1922 nec
408 1886 552 1922 hirsuti
573 1887 781 1923 torrebant
801 1886 904 1922 farra
925 1886 1066 1931 coloni,

251 1962 326 1986 nec
347 1954 488 1985 notum
507 1951 625 1986 terris
644 1963 735 1985 area
756 1963 903 1986 nomen
924 1955 1022 1995 erat,

197 2084 275 2130 484
