1409 2282
686 137 825 174 OVID

153 241 329 287 Xanthe,
350 247 456 278 retro
476 255 656 292 propera,
677 255 892 292 versaeque
914 245 1103 278 recurrite
1124 241 1311 291 lymphae
1331 243 1338 278 Ε

211 307 385 341 sustinet
406 304 605 342 Oenonen
626 305 848 342 deseruisse
872 305 989 341 Paris.

156 366 233 402 Illa
253 366 338 403 dies
360 367 488 404 fatum
507 370 675 404 miserae
695 367 793 404 mihi
814 368 929 413 dixit,
950 368 999 404 ab
1020 367 1087 403 illa

206 432 376 478 pessima
396 433 541 467 mutati
561 433 695 479 coepit
713 433 855 467 amoris
876 430 1045 479 hiemps,

151 504 229 541 qua
249 491 385 529 Venus
407 498 449 529 et
470 492 571 529 Iuno
591 496 839 543 sumptisque
860 493 1068 530 decentior
1087 495 1204 529 armis
1308 492 1356 528 35

206 557 317 591 venit
338 557 379 591 in
400 556 607 592 arbitrium
628 556 736 592 nuda
757 556 939 592 Minerva
959 560 1084 592 tuum.

151 620 317 654 attoniti
337 621 512 654 micuere
534 621 656 664 sinus,
676 619 913 669 gelidusque
935 621 1121 662 cucurrit,

205 685 250 716 ut
270 679 369 716 mihi
389 683 570 724 narrasti,
591 681 689 717 dura
709 694 782 731 per
801 694 886 718 ossa
907 686 1064 718 tremor.

148 742 517 793 consului—neque
538 746 645 779 enim
664 743 819 780 modice
838 734 1251 793 terrebar—anusque

204 804 499 855 longaevosque
520 819 648 842 senes.
698 809 880 843 constitit
901 819 985 843 esse
1007 805 1128 843 nefas.
1307 805 1357 842 40

150 864 272 901 Caesa
292 865 413 909 abies,
434 870 648 915 sectaeque
669 866 815 911 trabes,
837 871 878 903 et
898 866 1021 903 classe
1042 871 1178 915 parata

204 924 361 961 caerula
381 930 532 962 ceratas
552 928 698 975 accipit
717 926 824 962 unda
844 931 959 963 rates.

149 983 252 1021 flesti
272 984 615 1021 discedens—hoc
636 985 767 1022 saltim
789 1000 905 1035 parce
926 999 1073 1035 negare
1093 985 1127 1022 11

204 1046 434 1081 miscuimus
454 1044 635 1082 lacrimas
655 1051 830 1082 maestus
850 1051 1019 1095 uterque
1040 1058 1152 1089 suas3
1306 1044 1356 1081 46

150 1117 232 1139 11011
253 1106 308 1140 sic
329 1103 523 1153 adpositis
544 1107 718 1141 vincitur
738 1104 885 1142 vitibus
906 1105 1050 1151 ulmus,

206 1168 251 1200 ut
272 1168 341 1200 tua
362 1169 456 1200 sunt
478 1164 579 1200 collo
600 1164 784 1201 bracchia
804 1179 907 1202 nexa
927 1179 1027 1202 meO.

150 1237 185 1268 a,
206 1225 406 1272 quotiens,
428 1237 518 1260 cum
539 1229 580 1261 te
602 1230 723 1261 vento
744 1238 956 1275 quererere
976 1228 1121 1270 teneri)

204 1285 377 1319 riserunt
398 1283 687 1320 comites—ille
709 1285 907 1321 secundus
929 1289 1014 1321 erat
1033 1285 1039 1320 !
1306 1282 1356 1319 50

150 1344 283 1381 oscula
303 1345 488 1382 dimissae
510 1349 696 1396 quotiens
717 1350 890 1396 repetita
911 1347 1059 1383 dedisti
1080 1348 1086 1382 1

204 1418 323 1454 quam
344 1408 408 1441 vix
429 1408 618 1442 sustinuit
638 1406 771 1443 dicere
792 1407 928 1456 lingua
950 1411 973 1427 ⁶<
989 1407 1075 1443 vale
1094 1407 1114 1418 '⁹
1134 1408 1140 1443 !

151 1464 258 1501 Aura
278 1464 376 1501 levis
397 1465 524 1514 rigido
544 1466 765 1515 pendentia
785 1466 908 1503 lintea
929 1467 1033 1503 maio

205 1527 384 1570 suscitat,
405 1530 447 1561 et
467 1528 585 1562 remis
607 1531 719 1562 eruta
740 1532 859 1563 canet
879 1540 991 1577 aqua.

150 1597 366 1634 prosequor
386 1584 525 1621 infelix
547 1585 669 1622 oculis
690 1587 881 1622 abeuntia
901 1586 1001 1632 vela,
1305 1585 1353 1621 55

205 1657 282 1694 qua
301 1643 410 1689 licet,
432 1650 474 1681 et
494 1644 664 1681 lacrimis
684 1651 797 1682 umet
817 1645 964 1682 harena
985 1649 1098 1692 meis,

150 1709 275 1753 utque
297 1704 404 1740 celer
424 1707 571 1750 venias,
592 1705 736 1742 virides
758 1705 952 1742 Nereidas
973 1719 1087 1742 oro—

205 1763 358 1800 seilicet
378 1769 424 1800 ut
444 1767 579 1802 venias
600 1768 640 1801 in
661 1779 750 1802 mea
770 1765 916 1802 damna
936 1766 1064 1803 celer!

194 1849 204 1868 ¹
229 1860 277 1882 vv.
298 1852 351 1888 44,
371 1852 412 1882 45
429 1851 567 1882 omitted
585 1862 623 1883 as
639 1852 798 1892 spurious
815 1852 924 1884 Merk.
944 1866 950 1884 :

324 1901 518 1941 praeterito
543 1901 653 1942 magis
678 1906 731 1932 est
756 1902 823 1933 iste
846 1901 1032 1943 pudendus
1056 1913 1162 1934 amor.

282 1948 318 1974 et
342 1941 432 1975 flesti
457 1949 493 1974 et
517 1952 655 1975 nostros
680 1944 802 1976 vidisti
828 1944 944 1977 flentis
969 1946 1105 1977 ocellos.

155 1992 242 2023 “the
259 1993 328 2024 loce
345 1993 416 2023 mac
439 1993 535 2025 holds
556 2004 623 2032 you
644 2005 717 2025 now
739 1993 767 2025 is
788 2005 876 2026 more
898 1999 930 2026 εο
952 2005 1040 2035 your
1062 1995 1177 2026 shctme
1197 1995 1280 2026 than
1299 1994 1352 2026 the

152 2046 211 2067 one
227 2036 269 2076 of
286 2047 374 2077 ιτχονε,
431 2036 504 2067 Yon
520 2036 594 2068 both,
612 2042 695 2078 wept
712 2038 783 2069 and
799 2048 864 2078 yon
882 2049 951 2069 saw
968 2049 1025 2078 my
1045 2038 1190 2079 weepz'uy
1206 2038 1314 2079 eyes.”

154 2100 203 2133 60
