1409 2282
685 91 823 128 OVID

152 197 253 230 votis
274 207 369 243 ergo
390 197 489 230 meis
509 194 574 230 alii
595 194 772 231 rediture
793 195 959 231 redisti?

206 269 242 303 ei
261 266 372 312 mihi,
393 280 463 316 pro
483 267 568 303 dira
588 267 740 316 paelice
761 267 907 303 blanda
929 266 1006 303 fui!
1303 268 1352 305 60

152 337 336 386 Adspicit
357 340 583 374 inmensum
603 337 728 374 moles
749 341 883 374 nativa
903 338 1201 387 profundum—

205 422 318 445 mons
340 408 440 452 fuit3
470 411 677 458 aequoreis
698 408 765 444 illa
785 411 937 445 resistit
957 412 1079 459 aquis.

151 479 244 515 hinc
266 492 342 528 ego
362 479 449 516 vela
470 484 563 516 tuae
585 482 753 528 cognovi
774 482 900 528 prima
921 482 1090 525 carinae,

205 556 247 588 et
267 551 363 587 mihi
386 564 458 600 per
478 551 620 588 fluctus
641 554 816 601 impetus
837 554 893 588 ire
914 551 1002 588 fuit.

149 622 246 659 dum
265 635 408 668 moror,
428 625 469 658 in
490 636 643 672 summa
662 622 775 659 fulsit
794 621 891 658 mihi
912 636 1084 672 purpura
1105 635 1272 671 prora—
1302 623 1351 659 65

204 697 392 743 pertimui
411 707 419 738 ;
449 694 580 731 cultus
601 708 682 730 non
703 699 788 731 erat
808 694 875 731 ille
896 700 999 731 tuus.

151 764 195 801 fit
215 768 373 814 propior
393 771 598 815 terrasque
620 768 699 802 cita
719 768 812 802 ratis
833 768 971 814 attigit
991 779 1083 801 aura
1101 778 1109 808 ;

203 835 397 872 femineas
418 836 498 872 vidi
518 836 636 873 corde
657 841 859 873 tremente
879 849 1014 885 genas.
1232 884 1235 886 .

148 920 228 943 11011
249 910 343 944 satis
364 907 404 943 id
425 907 599 944 fuerat—
611 907 707 957 quid
729 910 835 944 enim
856 907 1001 944 furiosa
1020 908 1200 943 morabar
1216 908 1285 943 Ρ*-

203 978 395 1015 haerebat
415 982 567 1028 gremio
588 982 714 1028 turpis
735 982 860 1015 amica
880 979 972 1015 tuo!
1301 978 1351 1016 70

148 1055 245 1087 tunc
265 1064 358 1087 vero
379 1054 546 1101 rupique
567 1054 675 1087 sinus
697 1056 739 1087 et
759 1056 922 1102 pectora
943 1050 1091 1099 planxi,

203 1127 244 1159 et
264 1125 372 1159 secui
392 1122 571 1159 madidas
592 1136 728 1172 ungue
748 1125 906 1172 rigente
927 1135 1063 1171 genas,

147 1194 377 1244 inplevique
393 1208 542 1231 sacram
562 1194 737 1244 querulis
757 1194 973 1230 ululatibus
996 1193 1096 1230 Iden

202 1265 295 1302 illuc
317 1265 387 1302 has
407 1266 587 1302 lacrimas
608 1268 649 1301 in
673 1278 763 1302 mea
782 1278 874 1301 saxa
895 1265 980 1302 tuli.

147 1338 202 1372 sic
225 1336 386 1373 Helene
408 1336 543 1373 doleat
563 1337 802 1386 desertaque
824 1338 993 1385 coniuge
1015 1335 1158 1385 ploret,
1299 1335 1348 1373 75

203 1421 386 1458 quaeque
407 1410 513 1457 prior
532 1408 646 1444 nobis
668 1407 818 1453 intulit,
840 1410 923 1456 ipsa
945 1406 1048 1443 ferat
1066 1407 1073 1442 Ξ

149 1479 267 1516 Ν11110
288 1480 361 1515 tibi
383 1482 641 1524 conveniunt,
663 1483 827 1528 quae0te
848 1491 920 1528 per
938 1483 1077 1527 aperta
1097 1482 1315 1527 sequantur

200 1563 371 1600 aequora
391 1550 592 1599 legitimos
612 1549 917 1598 destituantque
938 1552 1038 1585 viros
1055 1562 1063 1592 ;

146 1626 187 1658 at
208 1635 298 1658 cum
318 1634 470 1670 pauper
490 1634 574 1657 eras
594 1626 855 1670 armentaque
877 1625 1010 1669 pastor
1029 1620 1188 1669 agebas,

200 1692 309 1729 nulla
329 1695 404 1729 nisi
425 1691 595 1729 Oenone
616 1693 801 1741 pauperis
821 1704 919 1727 uxor
939 1695 1033 1727 erat.
1299 1689 1350 1726 80

146 1777 227 1800 non
248 1777 324 1812 ego
344 1766 464 1799 miror
483 1776 592 1812 opes,
613 1776 687 1799 1100
707 1775 772 1799 1110
793 1767 862 1799 tua
883 1765 991 1811 regia
1011 1764 1143 1811 tangit

200 1848 275 1871 nec
295 1834 346 1871 de
367 1840 429 1871 tot
452 1834 594 1870 Priami
614 1833 722 1870 dicar
742 1838 788 1870 ut
808 1847 885 1870 una
905 1846 1074 1869 nurus—-

146 1920 226 1943 non
246 1911 382 1943 tamen
404 1911 449 1942 ut
470 1905 646 1942 Priamus
666 1905 868 1954 nymphae
888 1917 999 1941 socer
1019 1917 1104 1940 esse
1125 1909 1295 1949 recuset,

198 1983 268 2014 aut
291 1978 484 2014 Hecubae
505 1977 649 2013 fuerim
669 1976 953 2013 dissimulanda
972 1988 1116 2019 nurus;

148 2072 195 2106 62
