1445 2297
681 86 820 124 OVID

149 193 226 230 huc
247 193 393 231 adhibe
416 194 561 239 vultus,
584 199 625 231 et
646 196 686 230 in
708 208 786 230 una
807 207 924 243 parce
945 193 1100 231 duobus
1119 193 1126 230 !

202 273 295 297 nam
316 262 439 296 vitam
460 259 645 297 dominae
666 265 710 297 tu
733 259 856 305 dabis,
878 259 947 296 illa
966 259 1075 296 mihi.

149 339 268 375 saepe
288 326 362 362 tibi
383 325 489 362 sedit
509 328 628 362 certis
648 331 812 375 operata
832 325 986 370 diebus,

202 405 281 442 qua
300 391 449 441 tangitl
470 392 603 429 laurus
626 391 779 428 Gallica
800 397 934 428 turma
953 397 1053 428 tuas.

148 457 290 508 Tuque
311 457 539 494 laborantes
560 462 676 494 utero
696 459 884 493 miserata
903 456 1070 506 puellas,

203 537 370 573 quarum
391 523 505 560 tarda
525 523 656 560 latens
676 536 839 572 corpora
858 522 993 559 tendit
1013 535 1125 567 onus,

149 589 250 626 lenis
270 589 365 626 ades
386 590 651 639 precibusque
671 591 771 625 meis
791 588 893 633 fave,
917 588 1079 638 Ilithyia
1099 589 1105 624 Σ

202 655 326 704 digna
347 660 420 701 est,
442 669 561 705 quam
582 656 718 691 iubeas
738 657 916 691 muneris
937 667 1022 691 esse
1043 656 1113 691 tui.

149 723 234 770 ipse
256 734 331 770 ego
351 726 441 758 tura
461 720 565 757 dabo
586 720 750 757 fumosis
772 719 966 756 candidus
987 722 1075 765 aris,

204 789 287 836 ipse
309 785 435 823 feram
456 791 551 823 ante
572 791 662 823 tuos
682 799 852 823 munera
872 791 964 822 vota
984 785 1120 835 pedes.

149 852 317 889 adiciam
338 852 527 889 titulum:
563 856 756 889 “servata
777 851 884 889 Naso
904 851 1076 888 Corinna
1097 850 1140 887 !'’

202 923 247 954 tu
268 918 388 954 modo
408 917 470 954 fac
490 917 610 954 titulo
630 917 945 967 muneribusque
966 916 1109 953 locum.

149 983 190 1021 Si
210 989 348 1021 tamen
369 986 410 1020 in
431 989 546 1021 tanto
567 983 625 1021 fas
646 989 708 1020 est
728 986 929 1020 monuisse
950 985 1109 1028 timore,

204 1050 278 1086 hae
299 1050 373 1087 tibi
393 1052 445 1087 sit
465 1063 601 1099 pugna
621 1049 849 1086 dimicuisse
871 1052 965 1086 satis
982 1050 988 1085 3

707 1261 805 1297 XIV

153 1362 262 1409 QUID
284 1365 393 1399 iuvat
414 1364 599 1399 inmunes
619 1361 715 1398 belli
737 1374 890 1398 cessare
911 1361 1077 1411 puellas,

207 1439 282 1462 nec
303 1425 387 1462 fera
409 1424 581 1474 peltatas
601 1427 762 1474 agmina
783 1423 887 1461 velle
908 1427 1033 1474 sequi,

157 1492 188 1526 si
210 1491 295 1526 sine
318 1488 449 1524 Marte
471 1490 550 1524 suis
570 1490 780 1537 patiuntur
800 1486 965 1523 vulnera
984 1486 1088 1531 telis,

208 1556 251 1587 et
272 1564 408 1587 caecas
429 1555 586 1587 armant
606 1552 647 1586 in
669 1563 738 1586 sua
759 1549 842 1586 fata
862 1550 1032 1585 manus?

155 1613 269 1660 Quae
291 1616 417 1662 prima
438 1615 615 1650 instituit
635 1617 798 1649 teneros
819 1611 1045 1650 convellere
1067 1611 1186 1656 fetus,

210 1676 352 1713 militia
372 1675 504 1712 fuerat
525 1675 648 1725 digna
668 1677 798 1725 perire
821 1688 900 1711 sua.

156 1739 320 1784 scilicet,
343 1743 388 1775 ut
409 1744 542 1776 careat
562 1751 751 1787 rugarum
772 1740 937 1774 crimine
958 1742 1112 1782 venter,

210 1806 415 1838 sternetur
434 1814 594 1850 pugnae
614 1803 740 1837 tristis
760 1800 909 1837 harena
929 1805 1023 1836 tuae
1041 1799 1055 1835 ?

562 1870 572 1889 ¹
597 1871 712 1903 Nema
738 1870 848 1912 tingit
864 1869 969 1901 MSS.

1336 1611 1358 1646 5

199 1954 215 1967 α
239 1948 351 1979 There
377 1959 447 1979 was
477 1959 497 1978 a
529 1948 658 1989 temple
691 1951 727 1979 to
759 1947 826 1979 Isis
857 1947 891 1978 in
925 1947 985 1978 the
1016 1946 1168 1988 Campus
1195 1946 1358 1978 Mart-ius.

157 1991 278 2023 About
296 1993 324 2023 it
341 2003 432 2023 were
450 1991 591 2030 laurels5
609 1991 678 2023 and
697 1991 757 2023 the
781 1990 895 2022 Gallio
911 1989 1087 2032 squadron
1113 2000 1193 2031 may
1209 1989 1301 2020 refer
1324 1992 1362 2020 to

155 2067 231 2100 422
