1409 2282
682 71 820 109 OVID

149 180 370 226 terrigenas
390 177 557 226 populos
577 176 681 212 civili
704 176 834 212 Marte
856 181 1085 226 peremptos
1301 178 1350 213 35

204 231 377 280 inplesse
398 234 541 267 aetatis
561 230 644 267 fata
663 230 804 267 diurna
824 243 928 267 suae.

150 285 331 322 devictus
352 298 526 334 serpens.
585 287 744 329 iterum,
764 287 795 320 si
816 287 922 320 vivat
945 284 1072 330 Iason,

205 342 454 389 quaerimus3
483 339 686 375 alternant
706 352 876 388 spesque
897 341 1094 388 timorque
1116 339 1265 375 fidem.1

151 393 317 442 Singula
336 393 432 429 dum
452 398 597 438 narrat,
618 393 751 429 studio
771 405 967 442 cursuque
988 392 1178 442 loquendi

205 447 364 496 detegit
384 450 546 496 ingenio
565 446 730 483 vulnera
749 452 883 483 nostra
903 460 982 483 suo.
1303 448 1352 484 40

151 501 230 538 heu
249 503 255 538 1
284 502 353 538 ubi
372 506 489 550 pacta
509 501 605 537 fides
622 503 636 537 ?
693 502 760 537 ubi
781 501 1003 537 conubialia
1023 504 1106 537 iura

206 555 351 605 faxque
373 556 446 592 sub
466 568 618 591 arsuros
639 555 797 604 dignior
816 558 872 591 ire
894 568 1007 604 rogos
1024 557 1038 592 ?

151 623 231 645 non
253 623 327 659 ego
348 623 435 646 sum
455 609 562 646 furto
581 610 655 646 tibi
676 612 836 658 cognita
853 622 861 653 ;
892 610 1071 658 pronuba
1092 609 1192 645 Iuno

204 663 335 700 adfuit
356 669 398 700 et
418 666 532 700 sertis
552 669 734 712 tempora
753 666 910 700 vinctus
933 663 1108 713 Hymen.

151 723 193 754 at
212 717 309 753 mihi
331 732 405 754 nec
428 718 540 762 Iuno,
561 731 635 754 nec
658 717 836 767 Hymen,
857 718 927 754 sed
946 720 1071 754 tristis
1093 717 1234 767 Erinys
1303 718 1352 754 45

206 772 396 821 praetulit
416 772 608 808 infaustas
629 771 936 821 sanguinolenta
956 771 1072 808 faces.

153 825 261 872 Quid
282 826 378 862 mihi
400 840 490 862 cum
512 826 672 875 Minyis,
694 825 789 875 quid
810 839 900 862 cum
923 825 1135 862 Dodonide
1149 826 1163 848 ‘2
1185 829 1280 875 pinu
1299 826 1313 861 ?

207 880 302 930 quid
322 881 396 917 tibi
417 894 506 916 cum
528 883 665 929 patria,
687 883 820 916 navita
841 879 984 929 Tiphy,
1005 881 1121 916 mea?

153 948 233 970 non
255 940 340 971 erat
361 934 424 970 hic
445 937 544 970 aries
565 934 657 970 villo
678 934 906 983 spectabilis
926 947 1057 979 aureo,

207 1002 281 1025 nec
302 992 406 1025 senis
428 988 582 1025 Aeetae
603 991 712 1035 regia
732 987 906 1024 Lemnos
927 993 1022 1025 erat.
1303 988 1359 1035 50,

154 1048 263 1079 certa
284 1043 340 1079 fui
362 1042 615 1091 primo—sed
638 1055 700 1078 me
720 1042 823 1078 mala
844 1042 926 1079 fata
947 1042 1216 1079 trahebant—-

207 1097 365 1146 hospita
384 1097 559 1133 feminea
579 1096 730 1145 pellere
752 1102 878 1133 castra
898 1110 1017 1133 manu
1037 1109 1045 1140 ;

155 1150 475 1201 Lemniadesque
497 1154 610 1195 viros,
631 1153 798 1186 nimium
818 1163 989 1200 quoque,
1011 1154 1168 1187 vincere
1193 1155 1351 1187 norunt.

206 1204 334 1242 milite
355 1210 437 1242 tam
458 1205 551 1241 forti
571 1217 686 1241 causa
701 1204 716 1228 3
736 1205 888 1241 tuenda
908 1205 984 1241 fuit
1002 1205 1008 1241 1

156 1259 265 1296 Urbe
286 1262 411 1295 virum
433 1259 525 1304 vidi,
547 1264 737 1308 tectoque
757 1262 969 1308 animoque
990 1261 1123 1308 recepi
1141 1259 1147 1294 Ι
1302 1259 1350 1294 55

208 1313 271 1349 hic
292 1314 365 1349 tibi
386 1314 525 1363 bisque
545 1318 674 1349 aestas
695 1313 833 1362 bisque
854 1315 1027 1349 cucurrit
1046 1312 1212 1362 hiemps.

153 1370 273 1404 tertia
293 1370 431 1404 messis
453 1372 550 1412 erat,
572 1381 663 1403 cum
682 1372 726 1403 tu
747 1367 841 1403 dare
862 1367 949 1403 vela
970 1372 1129 1403 coactus

207 1421 371 1470 inplesti
390 1421 559 1457 lacrimis
579 1421 675 1457 talia
695 1422 813 1457 verba
834 1424 912 1457 tuis
930 1435 938 1457 t

154 1475 408 1521 “abstrahor‚
431 1475 657 1525 Hypsipyle
674 1488 682 1519 ;
712 1475 782 1511 sed
803 1475 903 1511 dent
922 1475 1040 1511 modo
1060 1474 1142 1511 fata
1162 1488 1354 1519 recursus,

208 1532 265 1565 vir
284 1535 376 1566 tuus
398 1529 491 1565 hinc
511 1530 623 1574 abeo,
645 1532 702 1565 vir
721 1530 794 1566 tibi
815 1542 973 1578 semper
993 1542 1069 1565 ero,
1305 1528 1354 1565 60

195 1615 206 1634 ¹
231 1627 280 1646 vv.
301 1617 407 1647 31-38
424 1615 584 1655 spurious
604 1615 711 1647 lilerlc.
736 1615 818 1647 Pa.:
845 1616 951 1647 31-36
968 1615 1138 1656 defended
1155 1615 1264 1647 Hom.

195 1658 209 1678 2
234 1659 415 1690 Dodonide
434 1660 553 1691 Flam:
580 1658 764 1690 Tritonide
781 1659 884 1690 MSS.

198 1703 210 1721 ⁸
234 1713 337 1734 causa
355 1702 463 1734 Merk.
488 1703 569 1734 Pa.;
596 1703 670 1733 vita
688 1703 734 1743 Ρ2
748 1703 851 1734 GE«,
867 1703 988 1734 Flam:
1014 1702 1156 1734 fortuna
1174 1703 1227 1743 Pl.

197 1796 310 1870 “lThe
327 1798 434 1838 Argo,
454 1797 541 1828 with
560 1796 675 1828 whose
691 1796 852 1838 building
871 1796 1016 1828 Dodona
1034 1797 1067 1827 in
1093 1796 1262 1839 Thessaly
1286 1796 1355 1828 had

156 1844 193 1871 to
210 1851 221 1870 (
235 1851 265 1871 ο.

199 1883 211 1902 ¹>
234 1883 307 1914 The
324 1894 457 1914 women
475 1883 511 1914 of
536 1883 683 1914 Lemnos
707 1883 776 1915 had
794 1894 877 1915 once
894 1883 981 1914 slain
999 1883 1046 1914 all
1064 1883 1123 1915 the
1140 1894 1218 1915 men
1236 1884 1270 1914 in
1295 1883 1356 1915 the

155 1926 268 1958 island
286 1937 323 1957 as
341 1938 360 1958 a
377 1938 532 1958 measure
557 1926 592 1958 of
618 1937 767 1968 revenge
784 1928 921 1968 against
948 1927 1041 1958 their
1068 1927 1257 1966 husbands,
1277 1927 1355 1958 who

157 1970 224 2001 had
243 1970 349 2002 taken
368 1970 539 2002 Thracian
557 1981 688 2002 women
707 1971 742 2001 in
761 1971 852 2002 their
869 1970 978 2002 stead.

157 2044 202 2078 72
