1445 2297
673 59 813 98 OVID

138 182 202 204 me
222 166 370 204 lenone
391 166 538 216 placet,
559 166 662 202 duce
683 179 747 202 me
764 165 983 215 perductus
1003 170 1169 211 amator,

191 231 307 264 ianua
330 240 402 276 per
422 232 578 263 nostras
600 232 661 263 est
681 226 874 275 adaperta
895 239 1046 263 manus.

137 289 203 324 An
224 291 390 337 prosint,
411 287 592 333 dubium,
614 292 840 323 nocuerunt
861 289 1036 322 carmina
1056 299 1238 336 semper;

190 348 364 384 invidiae
386 350 532 384 nostris
552 347 620 383 illa
641 347 754 384 fuere
776 348 900 384 bonis.

137 422 228 445 cum
249 408 402 454 Thebe,
425 421 516 444 cum
537 407 653 443 Troia
674 407 791 453 foret,
814 421 904 444 cum
926 407 1103 444 Caesaris
1123 412 1225 453 acta,
1299 407 1347 443 15

190 472 399 519 ingenium
420 471 545 505 movit
566 468 645 505 sola
668 468 841 504 Corinna
855 481 1002 505 meum.

135 531 282 565 aversis
304 531 457 565 utinam
474 531 701 577 tetigissem
723 531 898 564 carmina
920 528 1057 574 Musis,

193 589 378 626 Phoebus
399 594 441 626 et
462 591 671 638 inceptum
691 588 943 626 destituisset
964 602 1062 638 opus
1079 590 1085 624 !

139 650 223 686 Nec
244 655 382 686 tamen
404 655 449 685 ut
469 654 596 686 testes
616 662 701 685 mos
724 654 785 686 est
805 649 943 686 audire
964 654 1104 698 poetas
1124 663 1132 693 ;

190 710 408 746 malueram
430 710 561 746 verbis
581 709 738 759 pondus
759 710 898 746 abesse
919 712 1029 746 meis.
1299 709 1348 746 20

137 784 208 820 per
229 784 300 808 1103
321 770 455 821 Scylla
475 773 579 820 patri
600 784 710 808 caros
731 770 863 807 furata
882 771 1046 820 capillos

190 832 296 881 pube
318 834 466 880 premit
486 831 645 880 rapidos
659 831 671 854 1
693 832 1007 881 inguinibusque
1029 843 1171 875 canes;

138 906 208 928 1103
229 891 399 941 pedibus
420 894 562 940 pinnas
583 891 781 937 dedimus,
804 904 874 928 nos
896 892 1071 928 crinibus
1091 904 1244 940 angues
1263 903 1272 935 ;

193 954 319 987 victor
341 950 591 987 Abantiades
611 951 707 988 alite
729 951 858 988 fertur
879 965 992 1001 equo.

137 1011 244 1048 idem
266 1025 338 1061 per
358 1013 531 1060 spatium
552 1011 702 1061 Tityon
723 1014 971 1061 porreximus
992 1014 1148 1061 ingens,
1299 1012 1347 1047 25

191 1077 232 1108 et
253 1075 328 1108 tria
350 1074 512 1120 vipereo
532 1071 700 1109 fecimus
721 1085 787 1107 ora
808 1075 896 1108 cani
915 1085 923 1116 3

136 1132 304 1169 fecimus
326 1131 561 1168 Enceladon
581 1132 826 1169 iaculantem
846 1132 957 1169 mille
980 1133 1152 1178 lacertis,

190 1193 402 1242 ambiguae
424 1197 562 1242 captos
582 1195 747 1242 virginis
768 1206 835 1229 010
858 1195 970 1230 viros.

137 1252 299 1290 Aeolios
324 1252 474 1289 Ithacis
493 1252 726 1290 inclusimus
746 1254 902 1290 utribus
924 1253 1051 1290 Euros
1069 1266 1078 1297 3

191 1313 370 1363 proditor
390 1316 431 1349 in
452 1313 586 1350 medio
606 1313 799 1350 Tantalus
819 1327 937 1351 amne
959 1317 1055 1351 sitit.
1296 1314 1346 1351 30

136 1368 187 1405 de
210 1369 339 1405 Niobe
361 1368 525 1414 silicem,
547 1368 598 1405 de
620 1371 774 1418 virgine
795 1368 964 1406 fecimus
984 1381 1126 1406 ursam.

191 1426 367 1459 concinit
388 1422 606 1472 Odrysium
628 1422 814 1473 Cecropis
833 1423 915 1460 ales
937 1422 1057 1474 Ityn3

138 1477 322 1527 Iuppiter
340 1482 411 1514 aut
431 1480 471 1513 in
492 1490 584 1514 aves
605 1483 675 1514 aut
696 1491 737 1514 se
757 1477 1017 1515 transformat
1037 1480 1079 1514 in
1098 1491 1239 1514 aurum

189 1537 260 1568 aut
281 1537 391 1569 secat
410 1534 583 1581 inposita
604 1535 758 1581 virgine
779 1537 917 1569 taurus
937 1546 1069 1582 aquas.

139 1586 282 1623 Protea
302 1584 399 1636 quid
420 1586 591 1623 referam
612 1586 886 1637 Thebanaque
907 1590 1071 1633 semina,
1093 1587 1238 1624 dentes
1257 1600 1265 1631 ;
1294 1587 1343 1623 35

190 1644 258 1691 qui
280 1646 490 1678 vomerent
510 1640 686 1678 flammas
706 1654 787 1687 ore,
808 1641 929 1679 fuisse
951 1642 1071 1678 boves
1088 1655 1096 1686 3

470 1713 478 1729 ¹
505 1710 645 1743 rabidos
662 1713 765 1752 vzcl9.:
791 1712 933 1754 rapidos
950 1713 993 1745 P.

179 1794 195 1807 a
219 1787 347 1830 Scylla,
363 1788 539 1831 daughter
557 1790 593 1820 01
607 1789 728 1828 Nisus,
743 1790 828 1832 king
845 1790 880 1822 of
898 1790 1052 1832 Megara,
1072 1790 1157 1822 took
1175 1791 1264 1821 from
1282 1790 1344 1821 her

136 1832 281 1864 fatlier’s
306 1832 395 1864 head
422 1833 483 1864 the
511 1831 636 1874 purple
662 1833 740 1865 look
769 1845 812 1865 on
830 1834 945 1865 which
975 1834 1028 1865 his
1057 1834 1117 1865 life
1144 1833 1340 1876 depended,

134 1876 203 1907 and
221 1887 292 1907 was
310 1876 502 1907 afterward
519 1877 675 1918 changed
692 1881 730 1908 to
747 1878 807 1909 the
825 1882 989 1909 monster.

179 1920 192 1939 ¹²
214 1919 362 1951 Perseus
389 1920 457 1951 and
485 1920 675 1962 Mercury;
703 1921 875 1959 Medusa3
902 1922 1059 1960 Perseus,
1090 1923 1251 1963 Pegasus,
1272 1921 1341 1953 and

135 1963 371 1996 Andromeda.

132 2038 211 2074 494
