1445 2297
700 65 839 102 OVID

169 170 266 220 quid
287 184 456 219 puerum
480 171 646 208 Veneris
667 175 797 221 pretio
818 177 996 221 prostare
1017 172 1191 208 iubetis?

224 243 303 280 quo
324 234 500 279 pretium
522 231 698 275 condat‚1
721 245 802 267 non
823 231 947 268 habet
967 231 1034 268 ille
1056 231 1208 268 Sinum!

170 303 245 326 nec
267 290 403 327 Venus
423 296 516 340 apta
537 285 632 328 feris*
652 292 819 329 Veneris
840 305 915 328 nec
936 292 1037 329 filius
1057 294 1231 329 armis—

225 364 305 386 non
326 351 446 387 decet
466 351 635 388 inbelles
655 365 746 388 aera
765 365 920 389 merere
941 352 1048 389 deos.
1324 351 1374 388 20

172 410 262 447 Stat
282 414 474 447 meretrix
496 417 606 448 certo
628 415 749 449 cuivis
770 412 995 449 mercabilis
1015 425 1120 457 aere,

227 476 269 507 et
289 474 453 508 miseras
475 474 579 508 iusso
600 485 764 521 corpore
786 475 942 522 quaerit
963 486 1058 522 opes
1075 485 1083 516 ;

172 529 345 567 devovet
365 533 578 580 imperium
598 537 737 568 tamen
757 532 856 568 haec
876 532 1033 569 lenonis
1054 534 1159 568 avari

227 595 281 635 et,
303 590 410 639 quod
432 604 499 627 vos
519 590 649 628 facitis
670 597 827 641 sponte,
849 598 986 629 coacta
1005 591 1111 629 fac-it.

173 648 329 686 Sumite
351 653 392 686 in
414 651 644 700 exemplum
665 652 841 701 pecudes
862 655 1016 689 ratione
1040 657 1223 689 carentes
1242 665 1250 696 3
1326 652 1374 688 25

228 715 346 759 turpe
369 713 457 756 erit,
480 713 688 760 ingenium
708 715 844 749 mitius
865 725 951 749 esse
972 712 1076 749 feris.

174 783 255 806 non
277 784 379 820 equa
399 784 544 808 munus
566 785 725 821 equum‚
748 786 829 808 11011
849 778 1009 809 taurum
1030 786 1147 808 vacca
1168 774 1350 822 poposcit
1368 784 1376 815 ;

228 844 309 866 11011
329 833 431 867 aries
451 831 639 880 placitam
660 846 827 869 munere
849 837 984 882 captat
1005 845 1131 869 ovem.

175 889 256 926 sola
277 893 360 926 viro
380 891 525 928 mulier
545 891 679 941 spoliis
701 892 857 929 exultat
876 892 1088 941 ademptis,

229 950 311 986 sola
331 950 437 987 locat
458 957 610 997 noctes,
633 951 714 988 sola
734 952 902 989 locanda
923 955 1046 997 venit,
1327 951 1377 988 30

175 1015 217 1046 et
237 1010 377 1047 vendit
398 1011 504 1060 quod
525 1017 740 1061 utrumque
760 1015 870 1048 iuvat
890 1012 997 1062 quod
1012 1017 1183 1062 uterque
1199 1011 1377 1061 petebat,

230 1075 272 1106 et
292 1073 481 1119 pretium,
503 1074 644 1121 quanti
665 1072 842 1121 gaudeat
863 1075 959 1122 ipsa,
981 1072 1087 1109 facit.

176 1143 278 1179 quae
301 1130 437 1167 Venus
459 1144 507 1167 ex
528 1144 656 1181 aequo
677 1137 848 1168 ventura
868 1137 930 1168 est
950 1137 1064 1181 grata
1084 1132 1252 1178 duobus,

229 1189 358 1226 altera
379 1203 448 1226 cur
468 1190 577 1226 illam
598 1191 738 1228 vendit
759 1197 801 1228 et
820 1191 924 1228 alter
944 1193 1072 1228 emit?

179 1262 248 1285 cur
268 1249 367 1285 mihi
389 1252 440 1286 sit
461 1250 620 1295 damno,
642 1252 716 1287 tibi
739 1253 789 1287 Sit
810 1243 965 1288 lucrosa
985 1251 1180 1301 voluptas,
1330 1252 1378 1288 35

231 1322 350 1358 quam
372 1312 477 1346 socio
498 1315 610 1347 motu
632 1310 782 1347 femina
803 1314 940 1361 virque
962 1311 1127 1348 ferunt?

180 1369 271 1405 Non
292 1369 397 1405 bene
418 1370 606 1407 conducti
628 1371 812 1408 vendunt
832 1374 1004 1421 periuria
1024 1377 1163 1417 testes,

213 1420 215 1422 ¹
232 1442 312 1465 non
335 1430 439 1465 bene
461 1429 601 1466 selecti
622 1430 762 1467 iudicis
782 1444 872 1467 arca
891 1436 1016 1480 patet.

176 1494 294 1538 turpe
316 1502 403 1526 reos
424 1495 561 1539 empta
579 1493 744 1527 miseros
763 1490 984 1527 defendere
1005 1491 1165 1540 lingua3

231 1548 337 1598 quod
359 1548 479 1586 faciat
498 1563 675 1599 magnas,
697 1555 815 1599 turpe
836 1550 1024 1596 tribunal,
1046 1563 1166 1600 opes3
1331 1551 1381 1587 40

176 1613 295 1658 turpe
315 1611 392 1645 tori
413 1609 546 1645 reditu
567 1622 708 1646 census
728 1623 875 1659 augere
896 1615 1097 1659 paternos,

233 1673 275 1705 et
296 1668 439 1704 faciem
460 1668 570 1705 lucro
590 1671 841 1718 prostituisse
862 1683 983 1706 suam.

177 1731 307 1776 gratia
326 1741 397 1777 pro
418 1729 536 1765 rebus
556 1732 700 1766 merito
721 1729 894 1766 debetur
914 1732 1128 1778 inemptis3

232 1801 304 1837 pro
323 1788 428 1824 male
449 1788 648 1825 conducto
668 1791 797 1838 gratia
816 1789 926 1825 nulla
944 1794 1042 1825 toro.

657 1857 667 1876 ¹
691 1858 819 1889 condas
838 1858 879 1890 P.

287 1941 303 1954 ‘²
326 1934 440 1973 Sinus,
460 1946 480 1966 a
496 1935 717 1976 pocket-like
734 1936 809 1967 sold
823 1937 859 1967 in
875 1936 936 1967 the
953 1936 1094 1967 ancient
1111 1940 1281 1978 garment.

287 1979 299 1997 '²
324 1978 397 2010 One
413 1978 449 2010 of
466 1979 525 2010 the
542 1979 713 2020 praetor's
730 1979 844 2021 panel.

181 2030 258 2079 360
