1445 2297
672 84 812 122 OVID

140 190 209 227 Me
248 192 438 227 miserum
457 191 463 226 !
506 190 687 228 lacrimas
725 191 829 228 male
882 194 1065 228 continet
1117 204 1263 242 oraque

247 245 390 282 dextra

192 302 370 349 protegit
392 302 589 349 ingenuas
609 302 717 349 picta
736 300 880 337 rubore
901 313 1036 350 genas.

136 356 310 390 sustinet
329 357 514 403 antiquos
535 357 688 404 gremio
708 359 945 404 spectatque
966 354 1141 404 capillos,

191 410 229 444 ei
249 408 362 454 mihi,
381 422 462 444 non
485 408 554 445 illo
575 422 742 445 munera
763 409 885 458 digna
905 409 992 445 loco
1009 410 1015 444 l

137 462 292 511 Collige
323 476 413 499 cum
441 463 555 500 vultu
582 464 785 500 mentem!
816 463 1039 513 reparabile
1073 463 1265 500 damnum

248 522 321 554 est.
1295 519 1344 555 55

192 571 405 622 postmodo
425 575 561 609 nativa
582 575 828 623 conspiciere
850 586 972 610 coma.
1045 584 1056 597 ·
1210 575 1214 578 ’

704 735 777 772 XV

137 840 246 887 Qun)
267 840 378 885 mihi,
401 840 521 877 Livor
541 840 657 885 edax,
678 843 842 890 ignavos
863 841 986 877 obicis
1006 854 1145 887 annos,

190 897 425 945 ingeniique
446 908 561 932 vocas
582 908 744 932 carmen
765 898 905 932 inertis
926 908 1048 944 opus3

136 963 216 986 non
233 962 297 986 me
319 962 429 986 more
451 955 623 999 patrum,
644 949 740 986 dum
761 954 924 986 strenua
939 953 1113 987 sustinet
1131 955 1255 996 aetas,

189 1007 365 1053 praemia
386 1003 552 1041 militiae
573 1004 854 1053 pulverulenta
874 1007 1000 1054 sequi,

135 1071 211 1094 nec
231 1071 296 1095 me
318 1059 501 1095 verbosas
523 1058 634 1108 leges
656 1058 835 1095 ediscere
857 1072 932 1095 nec
953 1072 1017 1095 me

189 1115 345 1162 ingrato
367 1126 504 1150 vocem
526 1115 776 1162 prostituisse
797 1111 908 1149 foro?

138 1166 311 1204 Mortale
351 1172 426 1211 est,
466 1167 573 1217 quod
612 1170 783 1217 quaeris,
823 1180 932 1217 opus.
991 1167 1090 1204 mihi
1129 1167 1235 1204 fama

245 1234 435 1271 perenms

190 1278 408 1325 quaeritur,
430 1278 471 1312 in
492 1281 579 1312 toto
600 1289 760 1325 semper
780 1281 825 1313 ut
845 1277 940 1313 orbe
962 1289 1089 1312 canar.

135 1333 243 1367 vivet
265 1330 512 1375 Maeonides,
533 1330 720 1367 Tenedos
740 1330 837 1367 dum
858 1331 981 1368 stabit
1001 1336 1044 1367 et
1067 1330 1151 1376 Ide,

189 1384 285 1421 dum
307 1384 464 1434 rapidas
485 1384 627 1421 Simois
648 1387 689 1421 in
710 1398 818 1421 mare
840 1385 973 1422 volvet
992 1398 1113 1435 aquas
1130 1398 1138 1429 ;
1296 1385 1344 1422 10

135 1442 243 1476 vivet
263 1444 305 1476 et
326 1439 534 1484 Ascraeus,
555 1439 652 1475 dum
673 1442 813 1476 mustis
834 1453 909 1476 uva
929 1440 1115 1485 tumebit,

191 1493 286 1529 dum
315 1493 433 1530 cadet
454 1496 616 1529 incurva
640 1493 739 1530 falce
760 1499 916 1531 resecta
937 1494 1067 1531 Ceres.

136 1547 343 1584 Battiades
364 1561 523 1597 semper
542 1553 629 1585 toto
649 1548 877 1584 cantabitur
897 1549 993 1585 orbe
1011 1561 1019 1592 3

188 1604 367 1651 quamvis
387 1604 550 1651 ingenio
570 1615 652 1638 non
673 1602 791 1647 valet,
811 1607 898 1639 arte
918 1602 1035 1639 valet.

134 1656 245 1692 nulla
266 1655 489 1705 Sophocleo
510 1659 647 1692 veniet
667 1659 818 1693 iactura
838 1656 1059 1701 cothur1103
1296 1658 1342 1694 lo

189 1724 279 1747 cum
300 1710 382 1747 sole
405 1716 447 1747 et
466 1710 561 1747 luna
581 1723 740 1760 semper
760 1711 907 1748 Aratus
927 1714 1028 1755 erit3

135 1764 230 1801 dum
251 1764 370 1800 fallax
391 1778 541 1810 servus,
561 1764 682 1801 durus
703 1771 829 1814 pater,
850 1766 1015 1815 inproba
1035 1765 1128 1802 lena

189 1821 325 1856 vivent
347 1824 389 1856 et
408 1822 599 1856 meretrix
622 1819 780 1865 blanda,
803 1819 1047 1856 Menandros
1069 1823 1168 1864 erit3

1322 1060 1344 1095 ‘U‘

173 1956 193 2026 ἕ
218 1951 361 2026 Ηοίῃθῑ,
381 1951 526 1991 Hesiod,
542 1951 611 1983 and
629 1951 863 1983 Callimachus
880 1963 938 1984 are
956 1952 1016 1983 the
1034 1951 1110 1984 first-
1128 1952 1226 1984 three
1244 1956 1343 1994 poets

134 2005 170 2025 re
189 2005 277 2026 erre(
307 1999 353 2028 to.

137 2059 211 2105 376
