1409 2282
673 105 814 145 OVID

149 218 197 241 an
221 207 342 255 siquis
362 208 490 255 rapiat
509 205 674 243 stabulis
695 210 876 242 armenta
895 205 1071 251 reclusis,

205 281 313 304 arma
351 267 481 313 feras,l
503 273 617 317 rapta
636 270 806 317 coniuge
826 267 960 304 lentus
981 271 1056 304 eris
1074 268 1088 303 ?

151 332 202 366 sit
223 343 334 367 socer
354 330 539 379 exemplo
558 335 709 379 nuptae
730 333 925 379 repetitor
944 330 1170 379 ademptae,

210 396 272 430 cui
294 396 357 442 pia
377 393 544 430 militiae
565 406 681 429 causa
701 393 834 442 puella
853 392 930 430 fuit
948 394 954 430 !
1306 393 1354 430 20

151 461 183 495 si
205 469 316 493 socer
335 458 501 505 ignavus
522 455 641 491 vidua
661 458 861 492 stertisset
881 458 921 492 in
943 455 1045 501 aula,

206 523 333 568 nupta
353 517 458 554 foret
479 517 609 554 Paridi
629 523 770 563 mater,
791 523 836 555 ut
856 523 950 555 ante
971 518 1059 555 fuit.

154 581 240 618 Nec
261 585 305 617 tu
326 580 436 616 mille
456 585 562 616 rates
583 582 820 629 sinuosaque
841 580 928 617 vela
948 583 1094 630 pararis

206 657 281 680 nec
303 656 488 679 numeros
510 642 639 679 Danai
659 642 937 692 militis—ipse
958 646 1049 680 veni
1066 644 1073 680 l

151 710 206 744 sic
253 719 411 756 quoque
451 718 558 742 eram
596 705 818 754 repetenda
855 711 1005 751 tamen,
1044 719 1119 743 nec
1157 711 1274 756 turpe

258 771 401 805 marito
1307 770 1354 806 25

205 845 344 882 aspera
363 845 433 881 pro
455 845 543 868 caro
564 830 669 868 bella
688 831 827 868 tulisse
847 836 944 868 toro.

151 895 261 946 quid,
282 894 389 945 quod
408 907 502 931 avus
522 894 636 930 nobis
657 893 765 930 idem
788 893 997 943 Pelopeius
1018 895 1179 940 Atreus,

207 962 260 1003 et,
282 959 314 993 si
334 969 414 992 non
435 969 541 993 esses
561 959 620 992 vir
641 956 752 1001 mihi,
772 956 896 993 frater
916 970 1010 993 eras.

151 1022 221 1065 vir,
242 1032 394 1069 precor,
414 1021 538 1064 uxori,
559 1018 683 1056 frater
702 1032 884 1056 succurre
905 1022 1024 1056 sorori
1041 1021 1048 1056 Ξ

205 1083 359 1116 instant
378 1078 503 1115 officio
523 1083 685 1115 nomina
705 1080 798 1115 bina
817 1084 898 1116 tuo.
1306 1079 1355 1116 30

153 1139 221 1176 Me
241 1140 315 1175 tibi
336 1138 582 1188 Tyndareus,
603 1142 684 1176 vita
703 1142 831 1187 gravis
851 1144 989 1176 auctor
1009 1144 1051 1176 et
1069 1142 1196 1184 annis,

205 1198 395 1242 tradidit3
424 1199 631 1235 arbitrium
652 1202 785 1248 neptis
806 1198 981 1236 habebat
1000 1213 1105 1236 avus.

150 1264 192 1295 at
212 1263 326 1308 pater
347 1258 547 1295 Aeacidae
568 1261 803 1308 promiserat
823 1262 968 1295 inscius
989 1262 1068 1296 acti
1086 1272 1094 1303 ;

205 1318 293 1368 plus
315 1331 487 1368 quoque,
509 1321 577 1368 qui
598 1322 703 1367 prior
724 1323 786 1355 est
806 1318 958 1364 ordine,
980 1324 1115 1368 posset
1131 1319 1145 1342 2
1165 1333 1270 1356 avus.

150 1395 241 1418 cum
261 1381 335 1417 tibi
355 1382 569 1426 nubebam,
590 1381 689 1418 nulli
710 1394 800 1418 mea
819 1381 938 1418 taeda
958 1383 1154 1427 nocebat3
1304 1383 1352 1419 35

204 1443 235 1477 si
256 1443 398 1490 iungar
420 1440 582 1490 Pyrrho,
604 1446 648 1478 tu
669 1441 767 1477 mihi
788 1441 917 1478 laesus
942 1444 1029 1478 eris.

150 1506 192 1537 et
214 1506 329 1550 pater
348 1503 531 1550 ignoscet
550 1506 686 1538 nostro
708 1501 917 1538 Menelaus
937 1505 1115 1538 amori—

205 1561 415 1597 succubuit
434 1561 526 1597 telis
547 1564 748 1610 praepetis
768 1564 852 1610 ipse
873 1561 949 1599 dei.

150 1633 271 1670 quem
292 1621 365 1656 sibi
386 1623 580 1669 permisit,
600 1634 751 1670 genero
772 1621 968 1658 concedet
987 1635 1163 1658 amorem
1182 1635 1190 1666 3

204 1680 382 1729 proderit
403 1680 588 1729 exemplo
607 1686 736 1717 mater
755 1686 886 1717 amata
906 1695 986 1719 suo.
1302 1683 1352 1719 40

149 1745 194 1777 tu
214 1739 326 1785 mihi,
347 1739 453 1789 quod
473 1743 591 1777 matri
611 1746 727 1789 pater
747 1747 831 1785 est3
861 1754 957 1791 quas
978 1747 1117 1791 egerat
1137 1741 1231 1778 olim

205 1799 429 1836 Dardanius
450 1803 572 1848 partis
592 1800 760 1847 advena,
783 1801 954 1851 Pyrrhus
974 1805 1068 1851 agit.

191 1869 202 1889 ¹
226 1869 318 1901 feras
338 1870 388 1902 P:
415 1869 504 1902 feres
522 1884 545 1903 5.

193 1912 206 1933 ²
229 1916 347 1955 posset
364 1913 397 1944 P
409 1914 438 1944 (τ’
451 1928 473 1945 ω
492 1927 497 1945 :
523 1915 635 1955 possit
653 1928 666 1947 ς
683 1916 867 1956 and-early
883 1915 1046 1949 editions:
1072 1916 1181 1958 pollet
1199 1917 1292 1949 Bem.

505 1998 520 2012 α
545 1992 669 2024 Frater
685 1994 713 2024 is
730 1993 827 2025 often
845 2005 881 2025 so
897 1994 992 2025 used.

153 2065 226 2089 100
