1445 2297
717 48 856 86 OVID

750 212 807 248 VI

184 314 410 359 Ρ51ΤΤΑο115,
433 313 525 349 Εο15
545 315 738 349 imitatrix
758 313 840 350 ales
860 314 910 349 ab
931 313 1054 360 Indis,

236 373 627 423 occidit—exequias
647 376 703 409 ite
724 372 971 423 frequenter,
992 375 1106 412 aves!

181 436 250 479 ite,
272 436 361 483 piae
382 433 575 478 volucres,
597 438 639 469 et
658 432 840 482 plangite
861 439 1024 482 pectora
1044 437 1176 484 pinnis

237 499 278 530 et
298 493 428 543 rigido
447 498 608 529 teneras
628 506 764 542 ungue
785 499 924 530 notate
945 507 1068 543 genas
1086 508 1095 539 ;

181 553 342 590 horrida
362 567 433 603 pro
453 556 615 590 maestis
636 553 807 590 lanieter
826 553 962 603 pluma
983 555 1146 604 capillis,
1364 557 1387 593 5

235 627 307 663 pro
327 614 448 662 longa
467 618 658 649 resonent
678 616 852 649 carmina
872 620 1003 651 vestra
1022 616 1141 651 tuba!

183 673 290 723 quod
311 673 439 710 scelus
463 673 615 709 Ismarii
636 676 826 722 quereris,
851 673 1082 720 Philomela,
1104 678 1266 725 tyranni

236 733 399 782 expleta
420 738 481 769 est
501 736 615 769 annis
636 735 710 769 ista
732 733 895 783 querela
915 737 1018 779 suis3

181 794 286 830 alitis
308 797 348 830 in
370 807 479 830 rarae
501 796 690 830 miserum
711 793 922 830 devertere
944 793 1119 831 funus—

234 867 393 903 magna,
416 853 486 890 sed
507 856 671 903 antiqua
692 858 753 890 est
774 867 889 890 causa
910 854 1056 891 doloris
1077 854 1172 905 Itys.
1339 856 1387 892 10

183 913 349 959 01111165,
371 927 472 963 quae
493 913 645 962 liquido
665 913 818 950 libratis
838 916 879 949 in
900 927 991 950 aere
1013 928 1160 961 cursus,

235 978 279 1009 tu
301 978 439 1009 tamen
459 978 554 1009 ante
575 972 682 1018 alios,
704 977 838 1009 turtur
857 976 996 1019 amice,
1018 973 1132 1010 dole!

182 1032 304 1082 plena
324 1031 401 1069 suit
422 1033 532 1068 vobis
553 1035 661 1068 omni
682 1033 893 1069 concordia
912 1036 1005 1079 vita,

236 1097 278 1129 et
298 1095 413 1129 stetit
433 1092 483 1128 ad
504 1092 625 1129 finem
644 1092 766 1141 longa
785 1098 988 1143 tenaxque
1009 1094 1117 1131 fides.

181 1151 288 1202 quod
308 1151 386 1188 fuit
406 1151 595 1201 Argolico
614 1154 768 1189 iuvenis
790 1152 969 1189 Phoceus
991 1153 1173 1200 Orestae,
1338 1155 1386 1191 15

234 1211 310 1248 hoe
330 1213 417 1257 tibi,
438 1212 535 1248 dum
555 1212 680 1257 licuit,
702 1215 885 1261 psittace,
906 1218 1040 1250 turtur
1061 1220 1156 1251 erat.

182 1270 291 1317 Quid
311 1276 449 1308 tamen
470 1274 546 1308 ista
565 1271 675 1317 fides,
697 1272 794 1322 quid
814 1275 889 1308 rari
911 1272 1036 1309 forma
1057 1274 1209 1320 coloris,

234 1331 331 1381 quid
352 1345 426 1367 vox
447 1331 651 1368 mutandis
671 1334 877 1381 ingeniosa
898 1335 1015 1378 sonis,

180 1391 277 1440 quid
298 1394 419 1437 iuvat,
441 1397 486 1428 ut
506 1392 623 1428 datus
645 1405 698 1438 es,
720 1397 879 1429 nostrae
900 1392 1094 1442 placuisse
1116 1394 1274 1443 puellae
1291 1396 1362 1431 Ρ-

233 1450 386 1497 infelix,
407 1454 539 1488 avium
559 1451 697 1501 gloria,
717 1466 864 1502 nempe
886 1455 989 1490 iaces
1008 1453 1015 1490 I
1335 1455 1385 1491 20

179 1515 225 1547 tu
245 1516 404 1560 poteras
424 1510 586 1561 fragiles
606 1514 739 1561 pinnis
758 1512 953 1549 hebetare
973 1512 1204 1562 zmaragdos

233 1572 362 1606 tincta
382 1583 527 1619 gerens
547 1572 666 1607 rubro
689 1571 837 1608 Punica
856 1577 983 1609 rostra
1003 1586 1126 1608 croco.

180 1642 261 1665 non
282 1629 360 1666 fuit
380 1633 421 1666 in
441 1633 558 1667 terris
578 1644 719 1667 vocum
741 1631 990 1668 simulantior
1009 1632 1147 1669 ales—

232 1689 431 1727 reddebas
451 1690 586 1727 blaeso
606 1696 689 1728 tam
710 1691 814 1728 bene
835 1693 956 1729 verba
976 1706 1071 1729 sono
1089 1693 1095 1729 l

183 1749 334 1798 Raptus
357 1763 397 1786 es
418 1750 705 1787 invidia—non
725 1756 770 1787 tu
791 1751 875 1788 fera
896 1752 1001 1788 bella
1020 1752 1230 1797 movebas3
1335 1755 1383 1791 ‘25

234 1809 416 1858 garrulus
438 1815 480 1847 et
500 1805 681 1859 placidae
702 1814 809 1860 pacis
829 1817 982 1848 amator
1003 1825 1098 1848 eras.

1267 706 1278 722 1

223 1917 238 1931 α
262 1911 417 1943 Ismarus
445 1913 609 1955 wronged
636 1913 840 1952 Philomela,
867 1915 970 1946 sister
995 1914 1030 1946 of
1057 1915 1200 1956 Procne,
1219 1916 1273 1948 his
1290 1917 1381 1957 wife,

168 1954 248 1986 and
266 1955 327 1986 the
344 1959 416 1988 two
433 1956 515 1988 slew
534 1957 623 1998 Itys,
643 1957 696 1988 his
714 1968 788 1996 son,
806 1958 842 1989 in
860 1969 1018 2000 revenge.

181 2018 257 2064 398
