1409 2282
666 76 804 114 OVID

137 185 256 235 finge,
303 197 390 233 age,
438 188 479 220 te
527 180 874 231 rapido—nullum
931 183 982 216 sit
1029 183 1069 215 in
1126 181 1258 215 omine

245 246 400 296 pondus
418 247 481 282 !—
1290 241 1338 277 65

191 310 352 346 turbine
373 307 569 357 deprendi
586 320 594 351 ;
624 306 719 356 quid
740 307 813 343 tibi
834 308 981 342 mentis
1003 306 1105 341 erit?

138 374 320 421 protinus
341 375 552 407 occurrent
572 369 693 405 falsae
715 371 885 418 periuria
905 368 1079 415 linguae,

194 440 235 470 et
258 433 431 483 Phrygia
454 432 559 469 Dido
580 431 719 468 fraude
741 436 877 468 coacta
897 433 995 466 mori
1015 443 1023 473 ;

139 499 320 546 coniugis
340 501 434 532 ante
456 495 590 531 oculos
610 494 805 543 deceptae
827 494 949 530 stabit
968 496 1100 541 imago

192 561 318 596 tristis
339 564 381 595 et
402 558 533 595 effusis
555 556 863 608 sanguinolenta
883 558 1015 592 comis.
1292 553 1341 591 70

139 621 235 671 quid
254 623 359 658 tanti
380 625 442 657 est
462 625 507 656 ut
526 625 613 656 turn
634 623 658 639 “
674 621 801 655 merui
818 620 824 655 ἔ
845 618 1054 655 concedite
1073 618 1080 653 !
1099 617 1118 628 ”
1141 616 1261 661 dicas,

195 696 377 734 quaeque
400 682 559 727 cadent,
580 685 621 717 in
641 687 683 718 te
705 681 873 717 fulmina
892 683 1010 716 missa
1031 681 1179 729 putes?

142 745 208 782 Da
228 747 349 782 breve
371 748 558 781 saevitiae
580 747 753 793 spatium
774 743 985 792 pelagique
1007 748 1181 792 tuaeque
1199 754 1207 785 3

194 808 345 857 grande
366 820 499 843 morae
520 809 694 856 pretium
714 811 802 842 tuta
822 805 956 842 futura
985 807 1046 840 via
1067 810 1138 841 est.

1320 867 1341 902 U!

144 885 219 908 nec
240 870 338 907 mihi
359 876 403 907 tu
425 883 541 906 curae
561 883 568 913 ;
598 882 722 918 puero
741 873 927 917 parcatur
949 867 1035 904 Iulo
1054 868 1061 903 Ε

195 939 237 970 te
259 936 352 970 satis
374 938 436 969 est
455 932 618 969 titulum
639 934 777 967 mortis
798 930 945 967 habere
966 943 1090 967 meae.

141 996 237 1046 quid
258 1009 357 1044 puer
378 995 585 1039 Ascanius,
606 993 702 1044 quid
722 993 763 1030 di
783 1006 965 1030 meruere
980 993 991 1015 ¹
1017 992 1186 1029 Penates
1203 993 1216 1028 ἒ

194 1059 354 1107 ignibus
374 1062 533 1106 ereptos
553 1057 696 1093 obruet
716 1055 823 1092 unda
842 1055 968 1092 deos?

144 1121 214 1158 sed
236 1134 368 1170 neque
389 1120 468 1156 fers
489 1125 638 1165 tecum,
659 1132 747 1164 nee,
769 1131 870 1168 quae
892 1118 1002 1163 mihi,
1023 1117 1187 1167 perfide,
1209 1120 1343 1161 iactas,

197 1188 430 1232 presserunt
450 1195 607 1219 umeros
629 1195 737 1218 sacra
757 1186 951 1230 paterque
972 1185 1072 1217 tuos.
1295 1179 1344 1215 80

147 1248 280 1282 onmia
299 1247 495 1290 mentiris,
517 1258 649 1294 neque
671 1246 778 1280 enim
799 1249 867 1280 tua
888 1242 1027 1279 fallere
1048 1242 1184 1291 lingua

198 1310 339 1357 incipit
359 1322 381 1343 a
401 1308 528 1352 nobis,
550 1310 756 1356 primaque
777 1306 932 1355 plector
953 1318 1038 1354 ego.

143 1373 174 1407 si
195 1384 374 1421 quaeras,
395 1371 462 1407 ubi
483 1373 534 1406 sit
554 1369 715 1406 formosi
744 1374 872 1405 mater
893 1368 1024 1405 Iuli—

198 1433 345 1470 occidit
364 1447 387 1468 a
407 1433 506 1469 duro
527 1432 609 1468 sola
629 1431 769 1468 relicta
788 1434 871 1467 viro
889 1431 895 1466 l

143 1495 241 1532 haee
261 1495 359 1531 mihi
380 1499 675 1531 narraras—sat
694 1507 758 1530 me
778 1506 970 1529 monuere
990 1493 996 1528 ἶ
1015 1492 1029 1515 ²
1049 1497 1273 1528 merentem
1295 1491 1344 1527 85

196 1570 267 1594 ure
284 1570 292 1601 ;
321 1559 450 1592 minor
470 1556 587 1605 culpa
606 1569 735 1605 poena
755 1554 889 1591 futura
909 1567 998 1591 mea
1019 1558 1090 1590 est.

144 1617 230 1654 Nec
277 1616 375 1652 mihi
422 1629 536 1652 inens
575 1615 695 1651 dubia
734 1620 809 1660 est,
849 1617 946 1664 quin
992 1619 1034 1650 te
1074 1618 1143 1649 tua
1181 1615 1345 1649 numina

251 1676 456 1713 damnent.
1322 1669 1324 1671 ’

198 1750 269 1786 per
288 1749 410 1781 mare,
432 1749 503 1785 per
523 1741 649 1772 terras
670 1737 840 1784 septima
861 1736 983 1770 iactat
1003 1733 1170 1782 hiemps.

188 1806 196 1824 ¹
221 1806 266 1838 So
285 1806 314 1837 G
326 1820 348 1836 ω
366 1805 470 1845 wlff:
495 1804 581 1846 quid
597 1815 754 1836 meruere
771 1804 804 1835 P
820 1817 826 1835 :
853 1803 938 1845 quid
956 1813 1189 1834 commeruere
1207 1802 1272 1833 Pa.

187 1849 200 1868 ‘-’
222 1854 259 1881 at
287 1860 341 1880 me
372 1859 499 1880 novere
527 1849 561 1880 Ε
570 1862 592 1879 ω
607 1861 614 1879 ;
650 1851 687 1879 at
719 1859 773 1878 me
808 1858 945 1878 movere
971 1846 1080 1878 Illerlc.
1113 1846 1195 1877 Pa.:
1230 1845 1266 1876 di
1292 1855 1346 1875 nie

145 1904 304 1924 monuere
323 1893 461 1923 filatim:
488 1896 542 1923 sat
560 1902 613 1922 me
631 1902 794 1922 monuere
811 1891 920 1922 Hozzs.

261 1978 275 1990 ‘¹
300 1971 460 2002 Another
477 1980 577 2001 name
595 1969 647 2001 for
665 1970 845 2007 Ascanius,
867 1969 927 2000 the
944 1979 1006 1999 son
1022 1967 1057 1998 of
1073 1968 1219 1999 Aeneas.

145 2036 195 2070 88
