1409 2282
669 102 808 139 OVID

138 208 168 241 si
191 205 318 254 pudet
338 209 483 251 uxoris,
505 219 584 241 non
607 211 744 255 nupta,
766 206 837 243 sed
858 206 1016 255 hospita
1036 206 1167 249 dicar;

192 271 287 307 duni
308 277 378 308 tua
399 275 462 316 sit,
487 271 591 308 Dido
613 271 812 321 quidlibet
832 284 918 308 esse
938 271 1053 308 feret.

138 336 245 373 Nota
265 337 362 372 mihi
384 337 487 373 freta
507 342 601 373 sunt
622 336 766 373 Afrum
786 336 1021 386 plangentia
1040 336 1158 380 litus3

190 403 438 451 temporibus
460 405 578 438 certis
598 401 777 452 dantque
798 407 1030 451 negantque
1051 404 1164 437 viam.
1264 401 1338 439 170

137 480 228 503 cum
248 467 361 503 dabit
381 481 475 504 aura
495 470 611 512 viam,
632 468 842 516 praebebis
864 467 1024 503 carbasa
1043 469 1173 503 ventis
1193 480 1201 510 ;

191 546 297 568 nunc
318 532 414 569 levis
436 535 605 569 eiectam
627 535 809 568 continet
829 531 918 581 alga
938 537 1075 568 ratem.

136 604 295 647 tempus
316 604 361 635 ut
381 600 601 643 observem,
621 597 767 634 manda
787 597 908 641 mihi;
938 600 1061 634 serius
1081 598 1167 643 ibis,

192 677 266 700 nec
289 669 343 709 te,
365 667 396 700 si
419 666 567 713 cupies,
589 666 672 712 ipsa
691 676 854 699 manere
875 665 1011 699 sinam.

1314 731 1336 766 U(

137 736 179 767 et
201 733 295 767 socii
317 734 497 780 requiem
518 735 701 779 poscunt,
722 730 950 780 laniataque
971 729 1103 766 classis
1263 730 1307 768 17

190 795 366 844 postulat
388 798 550 845 exiguas
572 795 825 832 semirefecta
844 808 996 838 moras3

136 874 207 909 pro
227 864 381 897 meritis
402 866 444 898 et
466 864 577 910 siqua
598 861 671 897 tibi
693 860 929 897 debebimus
950 860 1085 905 ultra,1

189 939 260 975 pro
281 939 350 975 spe
372 928 545 975 coniugii
566 931 747 975 tempora
767 939 885 975 parva
905 930 1056 974 peto—

135 991 231 1027 dum
252 991 356 1028 freta
376 994 595 1028 mitescunt
616 996 658 1027 et
677 1004 798 1036 amor,
819 990 915 1027 dum
936 996 1117 1040 tempore
1139 996 1181 1027 et
1201 1004 1273 1027 usu

189 1056 348 1093 fortiter
369 1057 502 1093 edisco
522 1059 652 1093 tristia
671 1069 786 1106 posse
808 1059 901 1105 pati.
1261 1056 1336 1092 180

135 1121 177 1158 Si
198 1124 344 1167 minus,
367 1127 428 1158 est
448 1125 603 1159 animus
624 1123 737 1158 nobis
759 1121 964 1158 effundere
984 1124 1107 1158 vitam
1125 1134 1133 1166 ;

188 1190 229 1223 in
250 1200 316 1223 me
338 1187 509 1224 crudelis
531 1201 612 1223 non
633 1192 747 1237 potes
769 1200 854 1224 esse
876 1187 955 1223 diu.

135 1252 329 1301 adspicias
351 1255 517 1297 utinam,
539 1266 640 1303 quae
662 1256 712 1289 sit
733 1254 943 1289 scribentis
964 1255 1095 1302 imago
1113 1254 1119 1289 !

189 1319 408 1363 scribimus,
431 1323 472 1355 ei:
492 1321 644 1367 gremio
665 1318 828 1355 Troicus
850 1321 954 1355 ensis
975 1318 1101 1364 adest,

135 1396 284 1432 perque
333 1396 456 1432 genas
504 1383 689 1420 lacrimae
737 1387 921 1420 strictum
967 1383 1158 1420 labuntur
1213 1387 1253 1419 in

243 1462 394 1493 ensem,
1260 1449 1333 1485 185

188 1516 254 1563 qui
276 1517 353 1549 iam
375 1527 445 1562 pro
466 1514 635 1550 lacrimis
656 1517 850 1563 sanguine
871 1517 1022 1551 tinctus
1043 1517 1128 1551 erit.

133 1592 252 1628 quam
272 1579 376 1615 bene
398 1581 643 1615 conveniunt
664 1578 746 1615 fato
766 1584 836 1616 tua
855 1592 1021 1615 munera
1042 1584 1177 1616 nostro
1195 1580 1201 1616 Ῐ

187 1646 349 1680 instruis
370 1647 537 1693 inpensa
558 1649 692 1680 nostra
713 1644 892 1694 sepulcra
913 1645 1033 1681 brevi.

134 1722 208 1744 nec
228 1722 318 1745 mea
338 1722 445 1744 nunc
466 1711 637 1758 primum
658 1709 858 1746 feriuntur
878 1715 1041 1759 pectora
1062 1710 1144 1746 telo
1163 1723 1171 1754 ;

186 1773 253 1809 ille
274 1773 382 1809 loeus
404 1777 509 1810 saevi
530 1774 672 1811 vulnus
692 1777 834 1811 amoris
856 1775 988 1812 habet.
1258 1775 1332 1811 190

134 1838 252 1874 Anna
272 1852 392 1883 soror,
413 1851 521 1874 soror
544 1839 672 1883 Anna,
694 1853 806 1876 meae
828 1840 931 1887 male
953 1843 1109 1876 conscia
1131 1840 1285 1889 culpae,

187 1907 264 1939 iani
285 1903 398 1940 dabis
419 1907 459 1939 in
481 1907 634 1941 cineres
654 1905 795 1941 ultima
816 1905 920 1942 dona
940 1919 1059 1942 ineos.

629 1997 641 2016 ²
666 1998 760 2029 ultro
780 1999 819 2030 P.

133 2061 182 2105 96
