1445 2297
701 58 842 96 OVID

167 164 265 214 quid
285 163 407 200 facies
427 164 546 209 hosti,
567 167 635 214 qui
655 167 709 200 sic
730 164 908 200 excludis
928 165 1160 201 amantem?

222 224 407 268 tempora
428 221 556 255 noctis
578 224 678 255 eunt
695 232 704 262 3
735 224 880 255 excute
901 224 1016 268 poste
1038 232 1166 255 seram
1185 219 1192 255 !

169 273 262 309 Non
284 286 359 322 ego
379 272 573 309 militibus
594 276 710 310 venio
731 276 944 310 comitatus
965 278 1007 310 et
1026 276 1168 317 armis3

225 327 330 364 solus
351 340 472 373 eram,
494 330 525 364 si
545 340 626 363 non
646 340 786 364 saevus
806 327 967 364 adesset
987 327 1121 364 Amor.

169 381 276 418 hunc
298 395 386 431 ego,
408 384 438 418 si
460 384 630 431 cupiam,
651 395 847 431 nusquam
866 381 1072 418 dimittere
1093 395 1254 431 possum
1272 394 1280 426 3
1325 381 1374 418 35

222 441 318 472 ante
340 435 403 472 vel
423 449 446 471 a
465 437 655 472 membris
676 435 830 472 dividar
850 439 934 485 ipse
955 439 1065 472 meis.

170 503 266 540 ergo
286 490 411 526 Amor
432 495 474 527 et
493 490 695 526 modicum
715 493 818 527 circa
838 504 927 527 mea
946 495 1129 539 tempora
1149 493 1285 527 vinum

222 558 382 581 mecum
403 549 464 581 est
485 550 527 581 et
547 545 716 582 madidis
736 544 847 594 lapsa
867 558 1011 581 corona
1031 547 1163 582 comis.

170 612 279 635 arma
300 602 387 649 quis
408 598 507 635 haec
527 602 670 636 timeat
687 600 701 635 ?
731 602 818 649 quis
839 613 919 635 non
941 605 1007 636 eat
1027 600 1165 636 obvius
1186 599 1293 635 illis?

222 659 406 702 tempora
426 656 554 690 noctis
576 659 675 690 eunt
692 666 701 698 ;
731 659 875 690 excute
896 659 1011 703 poste
1033 655 1185 690 seram!
1324 653 1374 689 40

170 707 324 744 Lentus
372 721 413 744 es
430 721 437 744 :
485 722 536 744 an
577 721 752 754 somnus,
792 711 860 757 qui
898 713 940 745 te
988 708 1092 745 male
1134 706 1291 757 perdat,

277 765 448 799 amantis
465 761 477 784 ¹

225 817 345 853 verba
366 816 436 853 dat
455 819 497 852 in
517 821 659 853 ventos
679 829 774 853 aure
795 816 955 866 repulsa
975 817 1073 853 tua?

170 876 226 917 at,
246 874 424 917 memini,
446 874 586 920 primo,
609 884 699 907 cum
719 876 761 907 te
783 871 912 907 celare
934 871 1130 916 volebam,

224 925 392 975 pervigil
414 928 454 961 in
475 925 632 962 mediae
653 925 783 962 sidera
802 928 931 962 noctis
952 939 1048 962 eras.

169 979 336 1016 forsitan
358 985 400 1016 et
420 985 555 1016 tecum
576 985 645 1016 tua
666 994 773 1016 nunc
794 983 1010 1030 requiescit
1029 983 1212 1016 amica—
1324 980 1374 1016 45

225 1034 318 1080 heu,
339 1034 481 1070 melior
501 1039 653 1084 quanto
674 1047 755 1071 sors
775 1040 845 1071 tua
865 1040 972 1071 sorte
993 1035 1104 1070 mea!

171 1088 389 1125 dummodo
409 1092 476 1134 sic,
498 1091 538 1124 in
559 1102 623 1125 me
644 1088 767 1125 durae
788 1092 956 1125 transite
978 1094 1145 1125 catenae
1162 1090 1169 1125 !

225 1149 407 1192 tempora
428 1146 556 1180 noctis
578 1148 701 1187 eunt;
731 1148 875 1180 excute
896 1148 1011 1192 poste
1034 1144 1186 1180 seram!

173 1197 374 1243 Fallimur,
395 1212 447 1233 an
467 1210 580 1234 verso
600 1203 823 1234 sonuerunt
843 1197 1005 1234 cardine
1025 1203 1172 1246 postes,

225 1265 422 1302 raucaque
444 1265 658 1288 concussae
680 1255 793 1301 signa
814 1251 964 1288 dedere
985 1251 1118 1288 fores?
1325 1250 1375 1287 50

172 1306 560 1355 fallimur—inpulsa
582 1311 643 1343 est
662 1309 840 1342 animoso
860 1309 978 1342 ianua
997 1311 1130 1343 vento.

227 1363 263 1397 ei
284 1360 394 1406 mihi,
416 1374 535 1410 quam
556 1360 676 1410 longe
697 1374 810 1410 spem
830 1360 926 1397 tulit
945 1374 1040 1397 aura
1059 1360 1212 1397 meam!

172 1417 203 1451 si
225 1418 319 1452 satis
340 1428 382 1452 es
403 1420 554 1464 raptae,
578 1415 715 1461 Borea,
735 1428 889 1451 memor
910 1414 1133 1464 Orithyiae,

226 1469 304 1506 huc
324 1469 419 1506 ades
441 1475 483 1506 et
503 1469 640 1506 surdas
660 1469 818 1506 flamine
839 1469 967 1506 tunde
988 1468 1104 1505 foris!

171 1525 270 1560 urbe
291 1524 413 1560 silent
432 1529 530 1569 tota,
553 1526 760 1573 vitreoque
781 1523 987 1560 madentia
1006 1536 1094 1559 rore
1326 1522 1375 1558 55

226 1583 408 1627 tempora
428 1581 556 1614 noctis
578 1583 701 1622 eunt;
731 1583 875 1614 excute
896 1583 1011 1627 poste
1032 1590 1160 1614 seram
1179 1577 1185 1613 Σ

216 1665 224 1685 ¹
252 1666 296 1698 So
323 1666 419 1697 Ehw.
448 1666 547 1697 Nem.
578 1666 656 1698 Bm
690 1670 725 1697 te
759 1666 838 1697 Ps:
870 1665 991 1707 prodit
1016 1665 1137 1697 MSS:
1170 1663 1297 1706 perdat
1325 1665 1376 1696 P:

172 1710 324 1741 amantis
344 1709 464 1741 Hein.:
490 1710 623 1741 amanti
652 1710 706 1742 P:
733 1720 768 1741 se
794 1709 940 1750 praebet
965 1710 1103 1740 amanti
1129 1709 1229 1749 mala:
1255 1709 1314 1750 qui
1341 1712 1377 1740 te

171 1753 262 1785 male
281 1753 401 1795 prodit
417 1754 513 1784 Post.

215 1838 231 1851 α
255 1832 328 1863 The
360 1832 551 1873 repetition
588 1831 624 1863 of
653 1842 674 1863 a
704 1832 774 1863 line
806 1842 843 1863 as
875 1842 895 1862 a
928 1831 1057 1862 refrain
1090 1841 1210 1861 occurs
1238 1829 1311 1861 also
1342 1830 1376 1860 in

172 1876 342 1907 Heroides
368 1876 413 1907 ix.
464 1875 505 1906 In
534 1875 736 1916 employing
763 1875 836 1907 this
867 1874 998 1912 device,
1023 1873 1115 1906 Ovid
1143 1874 1172 1905 is
1198 1873 1378 1914 following

172 1919 300 1961 virgil,
330 1919 402 1950 Eel.
432 1919 520 1957 viii„
540 1919 609 1950 and
637 1919 844 1950 Theocritus
862 1919 896 1950 ii.
947 1917 1020 1950 One
1048 1918 1084 1949 of
1111 1927 1215 1959 many
1232 1916 1376 1948 modern

172 1963 349 2004 examples
366 1964 394 1994 is
412 1962 590 2004 Spenser’s
607 1962 893 2003 Epithalamiwn.

175 2027 250 2073 338
