1409 2282
684 85 823 122 OVID

154 192 216 226 cui
237 194 352 239 pater
372 195 433 226 est
456 190 599 234 Minos,
620 192 683 226 cui
703 194 833 225 mater
852 189 931 225 filia
954 189 1116 234 Phoebi,

208 252 395 303 quodque
416 256 541 302 magis
562 255 740 298 memini,
760 265 862 302 quae
882 253 956 289 tibi
976 258 1093 302 pacta
1112 251 1170 289 fui
1187 252 1193 288 !

153 318 185 352 si
205 329 326 361 mare,
348 319 379 352 si
400 321 526 353 terras
546 321 809 366 porrectaque
830 315 947 352 litora
967 315 1061 361 vidi,

206 378 334 415 multa
355 379 452 415 mihi
473 384 618 425 terrae,
635 378 762 415 multa
782 381 988 415 minantur
1006 391 1145 428 aquae.

153 441 309 478 caelum
329 442 507 478 restabat
516 443 688 478 ——timeo
709 441 918 477 simulacra
938 441 1104 478 deorum
1124 442 1131 478 l
1307 441 1356 478 95

207 503 405 541 destituor
425 504 572 553 rapidis
593 504 740 553 praeda
761 504 952 554 cibusque
974 503 1092 548 feris;

153 569 235 603 sive
255 566 393 603 colunt
414 566 679 616 habitantque
703 569 786 611 viri,
807 565 1021 603 diffidimus
1041 566 1173 603 illis—

208 634 396 665 externos
416 628 538 664 didici
559 629 665 665 laesa
684 631 828 665 timere
848 631 960 665 viros.

155 691 319 728 Viveret
339 691 576 741 Androgeos
597 691 773 728 utinam!
805 704 880 728 nec
899 691 1006 728 facta
1026 691 1166 728 luisses

207 757 316 803 inpia
335 753 556 800 funeribus,
577 754 743 804 Cecropi
763 759 885 800 terra,
904 757 984 791 tuis
1003 767 1011 798 ;
1285 753 1359 790 100

154 827 230 851 nec
250 820 320 851 tua
340 819 556 851 mactasset
575 814 726 851 nodoso
746 817 897 864 stipite,
919 814 1092 860 Theseu,

207 877 331 914 ardua
350 882 464 927 parte
485 863 613 914 vir'um
633 877 815 923 dextera,
834 882 948 926 parte
969 877 1111 913 bovem
1129 890 1138 921 ;

154 953 229 977 nec
250 941 338 986 tibi,
359 953 461 990 quae
482 940 636 976 reditus
656 944 941 985 monstrarent,
962 939 1026 975 fila
1045 939 1261 985 dedissem,

208 1003 272 1039 fila
293 1016 365 1053 per
383 1003 578 1040 adductas
599 1016 719 1052 saepe
741 1008 904 1052 recepta
924 1015 1079 1039 manus.

156 1078 237 1102 non
258 1065 447 1115 equidem
467 1068 601 1110 miror,
621 1067 652 1101 si
673 1070 754 1102 stat
774 1068 938 1102 victoria
958 1070 1109 1110 tecum,
1286 1065 1360 1101 105

208 1133 413 1178 strataque
435 1128 645 1165 Cietaeam
665 1128 785 1165 belua
804 1127 987 1177 planxitl
1008 1127 1186 1164 humum.

154 1204 236 1227 non
256 1196 446 1240 poterant
466 1191 532 1240 figi
552 1190 783 1240 praecordia
803 1191 933 1227 ferrea
953 1203 1099 1227 cornu·
1091 1219 1100 1235 ,

208 1259 253 1291 ut
273 1259 314 1290 te
335 1267 417 1290 non
436 1259 611 1303 tegereS,
632 1258 796 1302 pectore
815 1258 928 1290 tutus
950 1266 1046 1290 eras.

153 1316 234 1353 illic
256 1322 300 1354 tu
320 1317 465 1362 silices,
485 1316 567 1352 illic
586 1316 801 1353 adamanta
821 1316 964 1362 tulisti,

207 1378 288 1415 illic
308 1381 376 1428 qui
398 1379 542 1424 silices,
562 1378 733 1424 Thesea,
753 1381 901 1424 vincat,
922 1379 1055 1415 habes.
1285 1378 1359 1414 110

154 1438 346 1476 Crudeles
368 1441 510 1485 somni,
530 1438 627 1488 quid
646 1452 710 1475 me
732 1441 918 1476 tenuistis
938 1441 1112 1475 inertem
1129 1439 1142 1475 ?

208 1505 278 1536 aut
297 1499 422 1536 semel
442 1505 607 1536 aeterna
627 1504 747 1535 nocte
767 1498 988 1548 premenda
1007 1497 1074 1534 fui.

153 1573 221 1596 vos
241 1572 400 1609 quoque
421 1559 618 1604 crudeles,
639 1561 763 1604 venti,
784 1561 1031 1608 nimiumque
1052 1561 1179 1607 parati

207 1619 446 1669 flaminaque
468 1622 509 1655 in
529 1619 710 1655 lacrimas
732 1619 901 1655 officiosa
920 1632 1041 1655 meas.

153 1678 320 1716 dextera
341 1679 527 1725 crudelis,
546 1692 648 1729 quae
669 1692 733 1715 me
754 1678 1001 1728 fratremque
1023 1681 1197 1724 necavit,
1283 1678 1357 1715 115

208 1744 250 1776 et
270 1739 364 1776 data
384 1741 580 1788 poscenti,
600 1752 749 1776 nomen
769 1741 903 1785 inane,
924 1738 1021 1775 fides
1042 1739 1048 1775 !

198 1821 207 1839 ¹
232 1821 371 1862 planxit
408 1822 520 1853 Bent.:
561 1823 690 1853 stravit
729 1822 824 1863 PG2
856 1822 976 1853 Flam:
1013 1822 1105 1853 texit
1145 1822 1195 1863 Gl
1228 1822 1356 1854 Alerk.²

154 1866 281 1906 pressit
301 1878 314 1897 ς
331 1865 438 1897 Sedl.:
464 1866 574 1897 tinxit
592 1880 614 1896 ω
633 1866 749 1897 Burm.

156 1949 215 2017 A‘i
235 1943 452 1985 Androgeos,
471 1942 654 1974 Ariadne's
681 1942 833 1981 brother,
854 1953 924 1974 was
941 1942 1174 1985 accidentally
1191 1943 1301 1974 killed
1320 1947 1358 1975 at

188 1991 201 2017 t
218 1997 303 2017 iens.

159 2050 232 2084 128
