1409 2282
628 69 768 107 OVID

96 176 272 221 Interea,
293 176 390 213 dum
412 181 557 213 cuncta
577 181 730 225 negant
750 179 942 226 ventique
963 175 1208 225 fretumque,

147 241 286 272 mente
307 239 417 285 agito
437 235 534 273 furti
555 241 739 286 tempora
758 238 886 286 prima
906 238 995 272 mei.

94 310 171 332 nox
234 301 320 333 erat
380 299 808 346 incipiens—namque
870 301 932 333 est
991 298 1221 332 meminisse

202 356 439 406 voluptas—
1253 356 1302 392 55

149 430 239 453 cum
260 416 411 453 foribus
433 419 570 466 patriis
592 416 830 466 egrediebar
849 429 998 452 amans.

94 491 169 514 nec
190 490 312 522 mora,
334 476 518 526 deposito
539 479 689 526 pariter
708 490 799 513 cum
820 481 931 513 veste
952 478 1096 513 timore

149 538 345 574 iactabam
368 537 519 587 liquido
540 537 725 573 bracchia
744 536 856 573 lenta
876 539 984 572 mari.

95 598 190 634 luna
210 597 295 633 fere
316 596 535 633 tremulum
555 597 777 646 praebebat
796 596 934 633 lumen
957 599 1070 633 eunti

151 662 195 694 ut
216 670 349 693 comes
370 660 410 693 in
432 662 587 693 nostras
608 657 778 693 officiosa
797 660 889 693 vias.
1255 658 1305 694 60

96 718 199 754 hanc
221 731 296 765 ego
318 720 551 767 suspiciens,
575 724 595 738 ‘⁴
610 718 758 763 faveas,
774 718 850 754 dea
871 717 1078 763 candida,'’
1101 717 1196 763 dixi,

151 782 175 798 ‘'‘
192 784 234 814 et
255 778 427 814 subeant
447 781 580 814 animo
603 777 758 814 Latmia
780 791 873 814 saxa
891 783 963 815 tuo
983 779 990 814 1

96 851 176 874 11011
198 841 293 874 sinit
315 838 544 888 Endymion
566 844 607 875 te
629 841 805 887 pectoris
826 841 913 875 esse
935 840 1073 875 severi.

150 897 280 943 flecte,
302 911 454 947 precor,
476 898 610 935 vultus
630 898 680 934 ad
701 912 791 935 mea
811 898 918 935 furta
938 903 1028 935 tuos
1045 899 1051 935 !

96 964 141 995 tu
162 958 237 995 dea
258 958 470 994 mortalem
487 958 597 995 caelo
617 958 781 1008 delapsa
801 958 969 1008 petebas
988 971 996 1002 3
1257 958 1306 995 65

151 1032 243 1055 vera
264 1019 371 1068 loqui
392 1019 513 1055 liceat
528 1019 713 1069 !—quam
734 1032 878 1069 sequor
898 1019 1005 1068 ipsa1
1026 1018 1103 1055 dea
1124 1023 1196 1055 est.

97 1093 176 1116 neu
198 1078 370 1115 referam
390 1092 521 1115 mores
543 1079 707 1115 caelesti
729 1084 893 1128 pectore
915 1079 1072 1128 dignos,

153 1139 279 1175 forma
300 1141 376 1175 nisi
396 1142 437 1175 in
459 1152 571 1175 veras
592 1153 673 1175 non
694 1139 802 1176 cadit
822 1139 889 1175 illa
910 1139 1015 1176 deas.

98 1208 120 1229 a
142 1194 310 1230 Veneris
331 1193 433 1230 facie
454 1207 535 1230 non
556 1199 618 1230 est
638 1196 744 1243 prior
764 1193 845 1230 ulla
865 1199 1039 1243 tuaque3

153 1261 255 1284 neve
276 1250 376 1284 meis
397 1247 536 1284 credas
556 1249 731 1293 vocibus,
753 1251 837 1298 ipsa
857 1248 971 1285 vide!
1259 1247 1308 1285 70

98 1308 307 1352 quantum,
329 1316 419 1338 cum
441 1301 572 1352 fulges
594 1302 712 1339 radiis
732 1308 926 1352 argentea
947 1305 1066 1352 puris,

151 1356 382 1393 concedunt
401 1356 568 1393 flammis
596 1357 725 1394 sidera
745 1362 891 1393 cuncta
909 1360 1002 1402 tuis,

98 1416 215 1448 tanto
236 1410 417 1448 formosis
438 1410 645 1448 formosior
665 1412 849 1448 omnibus
870 1411 937 1448 illa
958 1416 1030 1448 est.

155 1468 186 1501 si
206 1465 380 1509 dubitas,
402 1479 580 1510 caecum,
603 1465 788 1515 Cynthia,
810 1466 946 1503 lumen
968 1465 1132 1502 habes.'’

102 1520 216 1555 Haec
238 1533 325 1568 ego,
348 1519 411 1556 vel
433 1525 543 1556 certe
563 1533 644 1556 non
666 1520 726 1557 his
746 1520 914 1565 diversa,
936 1520 1093 1557 locutus

156 1587 228 1622 per
246 1573 344 1609 mihi
366 1573 560 1610 cedentes
580 1579 699 1611 nocte
720 1574 878 1611 ferebar
897 1588 1028 1624 aquas.

103 1628 211 1665 unda
230 1641 487 1676 repercussae
508 1628 690 1665 radiabat
710 1631 884 1678 imagine
905 1629 1036 1674 lunae,

157 1687 199 1718 et
219 1685 326 1718 nitor
345 1685 387 1718 in
407 1685 529 1719 tacita
549 1688 668 1719 nocte
689 1683 855 1719 diurnus
876 1689 984 1727 erat3

102 1736 292 1786 nullaque
313 1749 389 1773 vox
410 1750 591 1787 usquam,
611 1737 765 1773 nullum
788 1738 977 1774 veniebat
996 1737 1047 1774 ad
1067 1751 1182 1775 aures

156 1796 317 1840 praeter
336 1791 512 1827 dimotae
533 1804 697 1841 corpore
716 1805 897 1828 murmur
915 1805 1053 1841 aquae.
1258 1792 1309 1829 80
1349 1789 1355 1794 ¹

106 1845 309 1895 Alcyones
330 1845 449 1891 solae,
470 1859 668 1882 memores
689 1845 828 1896 Ceycis
848 1849 982 1891 amati,

156 1902 291 1936 nescio
314 1899 409 1949 quid
431 1902 536 1936 visae
558 1905 652 1936 sunt
671 1900 769 1936 mihi
790 1900 907 1937 dulce
929 1903 1052 1951 queri.

602 1969 612 1988 ¹
638 1970 712 2012 ipse
731 1970 786 2011 Pl.

105 2033 180 2078 248
