1409 2282
675 116 813 154 OVID

143 221 252 268 Quid
273 220 412 266 refert,
433 221 626 258 scelerata
647 224 753 270 piam
774 225 805 257 si
827 224 962 258 vincet
983 227 1024 258 et
1045 224 1130 271 ipso

197 298 362 332 crimine
383 295 521 331 dotata
543 301 604 332 est
625 298 876 345 emeruitque
898 298 1024 332 virum
1043 296 1057 331 ?

145 369 410 406 Lemniadum
431 368 584 405 facinus
606 369 736 418 culpo,
758 382 838 405 non
859 371 991 415 miror,
1015 369 1129 405 Iason
1149 382 1157 413 ;

197 443 419 493 quamlibet
440 442 603 480 infirmis
624 446 708 492 ipse
722 443 735 466 1
758 443 828 480 dat
848 456 955 479 arma
976 443 1099 480 dolor.
1270 444 1344 480 140

142 518 205 554 die
226 531 313 567 age,
335 520 365 553 si
386 520 529 562 ventis,
550 522 595 554 ut
615 520 805 566 oportuit,
825 522 937 554 actus
956 520 1101 567 iniquis

197 594 385 628 intrasses
406 596 544 640 portus
564 597 689 641 tuque
711 604 923 641 comesque
951 604 1074 636 meos,

143 667 336 716 obviaque
359 669 528 702 exissem
549 665 635 702 fetu
658 668 876 702 comitante
897 665 1128 715 gemello—

197 741 351 778 hiscere
373 754 519 790 nempe
540 741 615 777 tibi
634 746 741 777 terra
760 740 938 789 roganda
958 739 1035 776 fuit
1051 741 1115 776 3-

142 828 220 864 quo
241 814 353 851 vultu
375 819 502 860 natos,
523 828 601 864 quo
620 828 697 859 me,
720 814 926 859 scelerate,
947 813 1103 850 videres
1121 815 1135 850 ?
1267 815 1341 850 145

197 889 386 938 perfidiae
407 891 537 938 pretio
558 902 634 939 qua
656 902 754 926 nece
775 888 920 938 dignus
942 901 1027 924 eras
1047 889 1061 924 Ρ

143 964 228 1009 ipse
249 960 412 1010 quidem
434 974 505 1010 per
524 973 588 996 me
610 965 722 997 tutus
742 973 957 1009 sospesque
978 959 1177 996 fuisses—-

198 1045 279 1068 non
299 1035 391 1081 quia
411 1037 455 1068 tu
477 1031 635 1081 dignus,
657 1031 727 1068 sed
748 1034 841 1081 quia
860 1034 968 1067 mitis
991 1044 1077 1080 ego.

144 1103 305 1152 paelicis
327 1106 410 1152 ipsa
430 1116 539 1139 meos
562 1102 778 1152 inplessem
799 1105 993 1152 sanguine
1015 1102 1159 1147 vultus,

197 1188 374 1224 quosque
396 1173 596 1211 veneficiis
616 1174 783 1211 abstulit
803 1174 870 1210 illa
891 1177 969 1210 suis
988 1174 995 1210 l
1272 1174 1346 1211 150

145 1246 315 1282 Medeae
339 1245 486 1282 Medea
507 1245 635 1283 forem
653 1247 660 1282 !
691 1246 831 1296 quodsi
852 1246 947 1296 quid
968 1247 1018 1282 ab
1038 1246 1119 1283 alto

197 1320 323 1354 iustus
343 1316 458 1353 adest
479 1319 579 1353 votis
602 1317 784 1366 luppiter
804 1320 888 1366 ipse
902 1316 918 1340 2
937 1320 1048 1362 meis,

144 1387 250 1438 quod
271 1390 398 1437 gemit
422 1387 660 1438 Hypsipyle,
682 1387 777 1425 lecti
799 1401 956 1438 quoque
977 1388 1160 1425 subnuba
1181 1391 1307 1425 nostri

198 1464 375 1495 maereat
397 1464 438 1495 et
458 1459 569 1508 leges
590 1462 740 1495 sentiat
759 1462 843 1508 ipsa
864 1472 952 1495 suas
969 1472 977 1503 ;

144 1535 269 1579 utque
291 1543 366 1578 ego
386 1529 585 1566 destituor
605 1532 778 1566 coniunx
798 1535 1007 1579 materque
1029 1530 1210 1575 duorum,
1273 1531 1345 1575 155

199 1614 221 1636 a
242 1600 413 1637 totidem
434 1603 538 1636 natis
559 1601 653 1636 orba
674 1603 725 1637 sit
745 1600 811 1636 illa
833 1603 914 1636 viro
935 1601 941 1637 1

145 1686 218 1709 nec
239 1672 342 1708 male
364 1677 476 1721 parta
496 1672 563 1708 diu
585 1677 724 1708 teneat
745 1675 937 1721 peiusque
958 1672 1214 1722 relinquat—

200 1742 337 1779 exulet
359 1748 400 1779 et
421 1747 508 1779 toto
529 1747 695 1792 quaerat
716 1745 757 1778 in
778 1743 873 1779 orbe
894 1742 1030 1792 fugam
1050 1744 1056 1779 1

145 1827 263 1864 quam
284 1813 397 1850 fratri
418 1827 608 1863 germana
629 1813 705 1850 fuit
725 1816 949 1864 miseroque
970 1818 1127 1863 parenti

199 1884 289 1930 filia,
311 1890 393 1921 tani
414 1888 530 1930 natis,
552 1890 634 1921 tam
656 1888 706 1921 sit
727 1886 869 1921 acerba
889 1888 970 1921 viro
990 1886 997 1922 1
1270 1886 1344 1923 160

362 1970 371 1989 ¹
397 1972 469 2012 ipse
488 1972 552 2012 P2:
580 1972 646 2002 iste
663 1972 783 2004 fllaclz‘.

361 2014 374 2033 2
398 2016 470 2056 ipse
488 2015 539 2046 the
558 2015 677 2047 MSS:
703 2016 763 2046 illa
782 2015 884 2047 Heln.
909 2015 1004 2048 Rem.
1029 2015 1093 2047 Pa.

147 2078 196 2114 80
