1409 2282
671 76 810 113 OVID

142 186 280 233 exegit
300 182 451 219 ferrum
472 195 541 219 sua
561 195 632 232 per
652 181 885 231 praecordia
904 187 1043 218 mater.

195 257 304 304 inpia
324 254 420 304 quid
442 254 602 290 dubitas
625 253 814 290 Deianira
833 253 962 289 mori?

143 325 350 375 Deprecor
370 325 446 361 hoc
466 338 591 361 unum
612 338 684 374 per
703 327 787 361 iura
809 327 1019 361 sacerrima
1039 324 1147 370 lecti,

195 410 247 433 ne
268 396 405 433 videar
426 395 519 432 fatis
539 395 727 432 insidiata
746 398 836 432 tuis.

195 542 219 559 “
236 538 339 584 hic,”
362 539 477 582 dixit,
499 542 523 558 “
537 540 640 574 vires
661 540 821 587 sanguis
840 540 984 574 amoris
1004 537 1165 575 habet.⁷'

139 609 255 647 inlita
276 609 428 646 Nesseo
448 611 537 645 misi
556 609 630 645 tibi
650 613 763 645 texta
782 621 950 645 veneno.

193 682 303 730 inpia
322 679 419 729 quid
439 679 600 715 dubitas
622 679 811 716 Deianira
832 682 931 715 mori
948 680 961 715 ?

1267 395 1341 432 160

142 468 307 513 Nessus,
328 472 373 504 ut
393 472 455 504 est
473 466 634 503 avidum
654 479 865 515 percussus
885 466 1110 504 harundine
1132 472 1286 516 pectus,

142 752 306 801 Iamque
320 751 421 796 vale,
436 753 647 800 seniorque
664 755 779 800 pater
792 763 1062 801 germanaque
1081 751 1228 801 Gorge,
1267 752 1340 788 165

194 828 237 860 et
256 825 385 872 patria
405 827 447 859 et
466 825 617 872 patriae
639 821 762 858 frater
781 821 972 871 adempte
992 827 1100 868 tuae,

139 900 182 932 et
201 900 247 932 tu
266 894 334 930 lux
355 893 479 930 oculis
500 893 695 930 hodierna
714 896 927 930 novissima
947 896 1106 940 nostris,

192 964 459 1015 virque—sed
480 979 502 1001 o
523 968 647 1014 possis
663 965 771 1002 !—-et
792 978 892 1014 puer
914 965 1054 1015 Hylle,
1074 965 1160 1002 vale
1180 967 1186 1002 1

722 1138 759 1174 X

549 1227 737 1262 Anmmm
767 1227 925 1263 THEsno

140 1321 287 1357 MITIUS
307 1323 443 1357 inveni
463 1334 582 1370 quam
602 1326 644 1357 te
665 1333 793 1369 genus
813 1334 930 1357 omne
951 1320 1125 1357 ferarum
1144 1334 1152 1364 ;

193 1392 345 1429 credita
364 1405 445 1427 non
466 1391 536 1428 ulli
558 1405 677 1441 quam
697 1392 771 1428 tibi
793 1395 905 1441 peius
926 1405 1045 1429 eram.

138 1475 239 1512 quae
260 1462 375 1512 legis,
396 1475 445 1499 ex
465 1462 548 1508 illo,
568 1463 743 1509 Theseu,
762 1463 837 1499 tibi
856 1462 974 1499 litore
995 1465 1114 1499 mitto

191 1534 300 1571 unde
320 1539 432 1571 tuam
451 1537 537 1570 sine
557 1547 622 1570 me
643 1534 730 1570 vela
750 1534 881 1571 tulere
901 1539 1043 1579 ratem,

137 1608 178 1641 in
199 1618 277 1655 quo
296 1618 361 1641 me
383 1618 624 1654 somnusque
645 1618 757 1642 meus
778 1605 881 1641 male
902 1605 1079 1654 prodidit
1100 1611 1142 1642 et
1161 1611 1220 1651 tu,

190 1689 263 1726 per
282 1675 436 1712 facinus
457 1678 604 1713 somnis
624 1675 810 1726 insidiate
830 1679 942 1713 meis.

136 1747 313 1796 Tempus
334 1752 432 1793 erat,
452 1750 579 1784 vitrea
600 1760 678 1797 quo
698 1750 871 1796 primum
893 1752 998 1784 terra
1018 1750 1160 1797 pruina

191 1820 391 1867 spargitur
410 1823 452 1854 et
472 1823 605 1854 tectae
627 1817 770 1855 fronde
791 1823 1014 1867 queruntur
1033 1805 1144 1856 aves..

137 1892 334 1925 incertum
356 1888 524 1937 vigilans
544 1902 566 1924 a
587 1901 724 1925 somno
744 1888 934 1937 languida
953 1891 1057 1924 movi

190 1959 346 1996 Thesea
368 1972 579 2008 prensuras
600 1962 843 2008 semisupina
862 1973 1058 1996 manus—-

144 2044 214 2067 120

1315 1607 1336 1642 5

1291 1960 1337 1996 10
