1409 2282
649 69 788 108 OVID

58 216 63 219 ,
114 178 224 216 utilis
243 176 450 215 interdum
470 181 532 213 est
551 178 645 225 ipsis
666 178 809 212 iniuria
828 177 961 224 passis.

169 244 225 278 sic
246 246 356 277 certe
377 240 474 277 felix
496 252 582 276 esse
604 245 740 276 coacta
760 238 898 275 forem.

116 304 226 340 Dum
246 317 371 340 novus
392 308 466 347 est,
488 305 620 352 potius
641 307 785 352 coepto
805 315 1031 351 pugnemus
1051 304 1174 337 amori
1191 302 1198 337 1

169 367 326 403 flamma
347 379 488 402 recens
508 379 627 414 parva
648 378 781 415 sparsa
802 364 952 401 resedit
972 377 1083 414 aqua.
1247 364 1322 400 190

117 435 250 467 certus
271 432 312 465 in
333 429 558 478 hospitibus
579 442 660 464 non
681 433 743 465 est
763 441 873 463 amor
890 440 898 471 ;
929 433 1047 472 errat,
1070 432 1114 463 ut
1135 429 1222 476 ipsi,

171 506 342 542 cumque
364 491 463 528 nihil
485 504 620 540 speres
641 491 789 527 firmius
811 503 910 535 esse,
932 489 1020 527 fuit.

121 555 348 605 Hypsipyle
369 557 498 597 testis,
520 556 636 590 testis
660 554 810 589 Minoia
830 556 942 602 virgo
963 558 1036 598 est,

170 622 212 654 in
233 631 314 654 non
336 617 525 654 exhibitis
546 622 715 666 utraque
736 616 821 653 lusa
835 616 847 639 l
869 619 977 652 toris.

116 687 162 718 tu
184 694 342 731 quoque
364 680 555 717 dilectam
574 679 734 725 multos,
757 679 891 724 infide,
912 692 985 728 per
1004 692 1129 715 annos
1249 679 1323 715 195

172 744 316 780 diceris
339 742 538 779 Oenonen
559 742 791 778 destituisse
812 747 934 778 tuam.

118 819 192 843 nec
212 811 350 842 tamen
371 808 455 854 ipse
477 818 624 854 negas;
655 810 696 841 et
716 805 830 841 nobis
851 807 983 841 onmia
1003 803 1054 841 de
1075 809 1117 840 te

173 882 377 919 quaerere,
399 871 430 904 si
451 870 592 913 nescis,
613 871 785 904 maxima
806 881 899 903 cura
918 866 1006 904 fuit.

118 932 235 977 adde,
257 931 376 981 quod,
398 936 443 967 ut
463 933 598 979 cupias
619 935 806 967 constans
826 933 867 966 in
888 943 1021 966 amore
1042 942 1219 975 manere,

173 1008 254 1031 non
275 999 400 1044 potes.
461 994 685 1043 expediunt
704 996 783 1029 iam
802 999 873 1030 tua
892 993 981 1030 vela
1003 992 1181 1042 Phryges
1200 1005 1208 1036 ;
1249 992 1326 1029 200

119 1058 216 1095 dum
235 1057 409 1107 loqueris
431 1069 601 1102 mecum,
622 1056 719 1093 dum
740 1070 817 1093 11οΧ
839 1061 997 1106 sperata
1018 1060 1193 1105 paratur,

175 1124 242 1170 qui
262 1120 367 1157 ferat
388 1123 428 1156 in
449 1122 634 1169 patriam,
654 1122 733 1155 iam
752 1121 826 1156 tibi
847 1124 991 1156 ventus
1013 1121 1099 1155 erit.

121 1184 299 1220 cursibus
320 1186 361 1219 111
382 1183 525 1219 mediis
546 1185 736 1219 novitatis
756 1183 875 1232 plena
893 1182 1096 1231 relinques

175 1246 321 1296 gaudia
338 1259 347 1290 ;
378 1259 468 1282 cum
489 1248 619 1282 ventis
641 1251 778 1282 noster
798 1247 926 1282 abibit
947 1258 1066 1281 amor.

121 1306 187 1342 An
208 1319 362 1356 sequar,
383 1311 429 1342 ut
450 1305 604 1350 suades,
625 1305 867 1355 laudataque
891 1305 1083 1354 Pergama
1105 1306 1228 1340 visam
1251 1304 1326 1341 205

176 1379 372 1415 pronurus
393 1371 435 1402 et
455 1368 591 1415 magni
614 1365 903 1402 Laumedontis
924 1367 1019 1402 ero?

122 1439 203 1462 non
224 1429 279 1462 ita
301 1431 518 1462 contemno
538 1425 707 1462 volucris
728 1429 939 1475 praeconia
960 1425 1102 1463 famae.

176 1491 222 1523 ut
243 1487 396 1535 probris
416 1491 543 1522 terras
563 1485 719 1535 inpleat
738 1485 804 1521 illa
825 1488 935 1522 meis.

124 1546 220 1596 quid
241 1546 291 1582 de
312 1559 377 1581 me
399 1548 548 1594 poterit
570 1545 726 1594 Sparte,
748 1545 843 1595 quid
866 1545 1016 1581 Achaia
1037 1550 1134 1589 tota,

178 1605 273 1655 quid
295 1610 439 1653 gentes
460 1604 591 1649 :diaes-²
612 1604 708 1654 quid
729 1610 797 1641 tua
817 1605 933 1640 Troia
954 1604 1062 1654 loqui
1081 1607 1094 1641 ?
1252 1603 1328 1640 210

124 1666 219 1716 quid
244 1665 420 1701 Priamus
441 1665 491 1701 de
512 1678 589 1710 1110,
615 1665 756 1701 Priami
779 1665 874 1715 quid
896 1668 1046 1702 sentiet
1066 1679 1176 1710 uxor,

178 1731 320 1775 totque
342 1728 401 1762 tui
423 1725 566 1762 fratres
588 1725 921 1775 Dardanidesque
942 1727 1092 1762 nurus?

124 1791 168 1823 tu
190 1798 361 1835 qnoque,
383 1788 449 1835 qui
471 1787 620 1834 poteris
640 1784 724 1821 fore
745 1798 809 1821 me
830 1798 989 1834 sperare
1010 1785 1183 1830 fideiem,

179 1851 221 1882 et
242 1859 322 1881 non
343 1845 537 1894 exemplis
557 1848 697 1881 anxius
719 1858 804 1882 esse
824 1847 931 1882 tuis?

389 1922 397 1940 ¹
424 1922 499 1953 lusa
518 1935 532 1954 ς
549 1935 555 1953 ;
581 1923 674 1954 insta
692 1923 725 1953 P
740 1922 802 1954 VG
817 1935 823 1953 :
848 1928 973 1964 questa
990 1923 1095 1954 Hein.

387 1966 400 1984 ”-’
423 1966 513 1997 aliae
532 1966 564 1997 P
576 1980 590 1998 ς
606 1980 612 1998 :
640 1967 746 1997 Asiae
765 1977 870 2006 many
888 1966 992 1997 MSS.

131 2029 205 2076 238
