1445 2297
699 53 838 91 OVID

736 218 793 254 IV

166 322 201 357 V
204 335 245 358 IR
264 328 357 359 tuus
379 328 441 359 est
462 323 599 372 epulas
620 324 734 360 nobis
754 323 935 360 aditurus
957 323 1172 360 easdem—

218 382 360 419 ultima
381 396 506 420 coena
525 389 596 420 tuo
616 386 680 429 sit,
701 397 853 433 precor,
874 383 942 420 illa
962 387 1045 420 viro
1062 385 1069 420 !

165 457 262 493 ergo
284 457 359 493 ego
380 444 571 480 dilectam
591 449 751 481 tantum
773 446 937 480 conviva
958 444 1134 493 puellam

218 504 434 553 adspiciam
451 505 466 541 ?
495 507 609 553 tangi
629 518 750 554 quem
770 507 892 549 iuvet,
914 504 1017 541 alter
1037 507 1127 550 erit,

163 564 408 614 alteriusque
429 567 537 601 sinus
558 570 652 614 apte
674 566 853 602 subiecta
874 564 1025 601 fovebis
1043 565 1057 601 ἓ

218 627 357 661 iniciet
377 625 491 670 00110,
513 638 603 661 011111
623 625 744 670 volet,
766 625 833 661 ille
854 626 1044 662 manum?

164 684 303 721 desine
324 687 469 730 mirari,
490 687 621 734 posito
641 685 749 734 quod
769 685 938 722 candida
959 688 1051 721 vino

220 745 376 781 Atracis
395 746 603 794 ambiguos
622 748 745 782 traxit
765 748 806 781 in
826 758 934 781 arma
954 746 1079 782 viros!

164 818 238 841 1100
273 804 371 840 1111111
410 804 505 842 silva
544 804 697 851 domus,
729 818 805 842 1100
837 818 940 855 equo
969 818 1059 842 mea
1091 806 1270 843 membra
1305 819 1368 843 co-

271 865 498 902 haerent—

216 928 282 961 vix
302 939 323 961 a
344 930 386 962 te
408 925 545 962 videor
564 938 678 974 posse
699 930 841 962 tenere
861 925 1025 962 manus!
1319 926 1368 963 10

165 984 278 1031 Quae
299 986 373 1021 tibi
394 988 474 1022 sint
494 984 678 1021 facienda
698 990 835 1022 tamen
857 998 1066 1035 cognosce,
1087 998 1162 1022 nec
1183 985 1299 1022 Euris

217 1045 267 1081 da
288 1058 376 1082 mea
397 1059 471 1082 nec
491 1045 640 1094 tepidis
660 1046 780 1082 verba
801 1045 968 1082 ferenda
990 1046 1106 1083 Notis
1124 1047 1131 1082 !

162 1111 258 1142 ante
279 1108 383 1151 veni,
405 1119 524 1155 quam
545 1108 735 1142 vir—-nec
755 1105 864 1156 quid,
885 1109 916 1142 si
937 1108 1093 1143 veneris
1113 1111 1221 1152 ante,

217 1168 341 1214 possit.
360 1169 425 1215 agi
444 1166 561 1202 video
580 1179 588 1209 ;
618 1166 688 1202 sed
708 1171 846 1203 tamen
865 1172 960 1203 ante
981 1169 1084 1203 veni.

162 1239 253 1262 cum
274 1231 431 1275 premet
451 1225 518 1262 ille
538 1231 684 1271 torum,
705 1226 818 1263 vultu
839 1240 971 1263 comes
990 1229 1075 1276 ipsa
1094 1227 1277 1264 modesto
1318 1227 1365 1264 15

216 1287 303 1331 ibis,
325 1291 369 1323 ut
389 1286 757 1323 accumbas—clam
777 1286 876 1323 mihi
896 1292 1019 1336 tange
1039 1287 1208 1336 pedem!

162 1354 226 1377 me
247 1346 385 1389 specta
404 1346 607 1390 nutusque
627 1353 737 1378 meos
757 1341 994 1391 vultumque
1014 1341 1221 1392 loquacem
1239 1355 1248 1386 ;

217 1397 356 1444 excipe
377 1394 543 1432 furtivas
565 1400 606 1432 et
626 1394 731 1432 refer
749 1398 833 1445 ipsa
854 1401 979 1432 notas.

163 1450 283 1485 verba
303 1449 524 1498 superciliis
544 1452 630 1486 sine
652 1463 747 1486 voce
767 1449 973 1500 loquentia
994 1449 1124 1486 dicam
1142 1463 1151 1495 ;

217 1504 336 1540 verba
356 1503 467 1554 leges
487 1503 637 1553 digitis,
658 1505 777 1540 verba
797 1509 936 1541 notata
956 1517 1077 1541 mero.
1314 1505 1364 1542 20

162 1571 253 1594 cum
272 1558 346 1594 tibi
368 1563 572 1594 succurret
593 1558 761 1594 Veneris
781 1558 939 1595 lascivia
960 1563 1133 1604 nostrae,

216 1625 434 1661 purpureas
455 1617 596 1648 tenero
617 1612 761 1661 pollice
781 1617 904 1662 tange
925 1626 1059 1661 genas.

161 1666 291 1716 siquid
313 1669 402 1711 erit,
423 1666 473 1702 de
494 1680 558 1703 me
580 1669 703 1703 tacita
724 1666 831 1716 quod
851 1672 989 1703 mente
1011 1670 1201 1717 queraris,

214 1720 392 1769 pendeat
413 1726 593 1757 extrema
613 1721 742 1757 mollis
762 1722 812 1757 ab
832 1734 926 1757 aure
946 1735 1098 1758 manus.

1345 567 1367 602 Q!

202 1831 219 1843 ἰ
242 1824 314 1856 The
331 1828 430 1866 story
447 1825 482 1856 of
506 1825 567 1856 the
593 1825 682 1867 fight
710 1826 746 1857 of
770 1825 942 1857 Centaurs
967 1825 1036 1857 and
1065 1825 1213 1867 Lapiths
1238 1829 1276 1858 at
1301 1826 1362 1857 the

159 1867 429 1909 wedding-feast
446 1868 481 1899 of
490 1869 680 1900 Pirithous
697 1869 767 1900 and
784 1869 1032 1911 Hippodamia.
1084 1869 1157 1901 The
1174 1869 1310 1901 charms
1327 1869 1363 1901 of

159 1911 398 1953 Hippodamia
423 1923 514 1943 were
541 1913 626 1944 such
657 1913 738 1945 that
770 1913 830 1944 the
861 1912 1034 1946 Centaars
1066 1912 1160 1945 tried
1192 1916 1229 1945 to
1260 1924 1362 1955 carry

159 1955 221 1986 her
237 1955 292 1987 off.

159 2028 180 2064 3
189 2030 206 2053 2
214 2018 236 2053 8
