1409 2282
627 16 768 54 OVID

94 131 190 162 ante
210 130 301 162 tuos
321 128 455 161 animo
476 125 556 161 vidi
578 138 697 174 quam
718 124 869 161 lumine
890 124 1048 168 vultus3

150 188 277 234 prima
297 186 392 222 tulit
412 185 556 222 vulnus
578 187 721 221 nuntia
742 184 847 220 fama
868 184 957 221 tui.1

97 245 182 281 Nec
203 251 341 282 tamen
362 251 424 282 est
443 244 619 290 mirum?
641 248 684 290 si,
707 248 810 281 sicut
830 250 1004 294 oportet,
1026 246 1076 281 ab
1096 258 1187 281 arcu

150 306 364 342 missilibus
384 305 476 342 telis
497 308 653 342 eminus
674 308 776 342 ictus
797 318 895 342 amo.
1252 305 1302 342 40

96 368 151 401 sic
172 365 323 414 placuit
344 365 436 401 fatis
455 379 463 409 ;
493 378 595 415 quae
616 378 668 401 ne
689 365 915 401 convellere
936 370 1125 415 temptes,

150 428 286 474 accipe
308 439 398 461 cuni
420 438 512 461 vera
531 425 639 461 dicta
660 424 786 461 relata
807 424 895 461 fide.

96 488 234 523 matris
254 485 385 522 adhuc
405 491 521 522 utero
541 490 658 535 partu
680 491 907 522 remorante
927 485 1097 522 tenebar
1115 498 1123 529 3

151 549 229 582 iani
249 546 435 595 gravidus
457 548 561 582 iusto
582 545 760 595 pondere
782 551 924 582 venter
945 551 1040 582 erat.

97 605 164 642 illa
184 607 258 643 sibi
279 605 512 656 ingentem3
533 608 615 642 visa
636 611 698 642 est
719 606 792 642 sub
812 608 987 655 imagine
1009 608 1136 641 somni
1252 606 1301 642 45

151 666 427 703 flammiferam
449 666 570 715 pleno
591 666 760 702 reddere
782 671 924 703 ventre
945 666 1085 703 facem.

98 729 238 763 territa
259 730 465 776 consurgit
485 726 786 776 metuendaque
807 729 937 763 noctis
957 740 1104 775 opacae

152 790 233 824 visa
253 790 338 824 seni
362 787 539 831 Priamo;
569 788 725 823 vatibus
746 786 813 823 ille
833 786 969 823 refert.

97 861 278 884 arsurum
301 847 450 884 Paridis
472 852 583 884 vates
604 850 713 883 canit
735 847 837 883 Ilion
858 849 998 896 igni—

152 910 338 957 pectoris‚
359 913 405 944 ut
425 921 532 943 nunc
553 912 627 951 est,
649 907 714 943 fax
736 906 813 943 fuit
832 907 900 943 illa
919 909 999 943 mei
1018 907 1024 943 !
1255 906 1305 943 50

101 968 242 1004 Forma
262 970 453 1017 vigorque
474 970 608 1012 animi,
631 969 810 1017 quamvis
831 966 882 1003 de
904 967 1023 1016 plebe
1046 966 1222 1011 videbar,

153 1028 345 1064 indicium
366 1033 499 1064 tectae
521 1027 742 1064 nobilitatis
764 1033 860 1064 erat.

100 1093 162 1125 est
182 1088 291 1124 locus
312 1090 352 1123 111
373 1087 516 1124 mediis
537 1100 770 1123 nemorosae
792 1086 959 1123 vallibus
982 1086 1076 1123 Idae

154 1148 293 1185 devius
315 1153 356 1184 et
377 1150 500 1197 piceis
520 1147 757 1197 ilicibusque
778 1146 980 1197 frequens,

100 1212 167 1259 qui
189 1222 263 1245 nec
285 1212 367 1245 ovis
388 1208 569 1257 placidae
591 1221 665 1244 nec
687 1210 858 1244 amantis
879 1220 971 1243 saxa
992 1206 1170 1256 capellae
1256 1206 1305 1241 55

155 1282 230 1305 nec
251 1268 389 1318 patulo
409 1268 547 1305 tardae
569 1270 745 1317 carpitur
765 1281 832 1304 ore
853 1268 977 1305 bovis.

100 1329 194 1365 hinc
215 1342 291 1378 ego
313 1328 539 1365 Dardaniae
560 1341 693 1364 muros
714 1328 951 1377 excelsaque
972 1332 1082 1364 tecta

155 1394 198 1425 et
217 1389 321 1425 freta
341 1391 586 1438 prospiciens
607 1389 746 1424 arbore.
767 1391 883 1424 nixus
904 1401 1068 1425 eram—

101 1463 195 1485 ecce
213 1450 220 1485 l
252 1449 402 1498 pedum
424 1448 539 1497 pulsu
561 1451 643 1484 visa
663 1453 725 1485 est
745 1448 843 1484 mihi
863 1454 970 1485 terra
990 1450 1195 1484 moveri—

156 1522 249 1546 vera
270 1509 408 1558 loquar
428 1511 511 1545 veri
533 1511 595 1544 vix
617 1508 802 1545 habitura
822 1508 998 1545 fidem—
1255 1507 1305 1543 60

147 1587 155 1606 ¹
181 1595 225 1619 00
244 1588 373 1618 Honz:
400 1587 483 1618 mihi
511 1587 630 1618 vultus
655 1587 703 1619 V:
728 1586 799 1618 fuit
826 1587 947 1618 vultus
967 1587 1058 1618 Pw:
1084 1586 1197 1628 prima.
1222 1585 1307 1616 mihi

108 1631 235 1662 vulnus
252 1631 377 1662 nuntia
394 1630 487 1662 fama
503 1630 589 1662 tulit
607 1631 674 1661 Pa.

146 1674 160 1693 '2
182 1676 311 1707 39-142
341 1685 401 1705 are
429 1674 465 1705 in
499 1674 580 1705 Cocl.
618 1674 695 1705 Pal.
729 1675 802 1705 and
832 1674 884 1705 the
917 1673 1065 1705 Pauline
1102 1673 1307 1714 Fragment:

102 1718 243 1759 missing]
260 1718 431 1749 elsewhere
447 1719 519 1749 merl
535 1718 571 1748 in
591 1718 691 1749 Plan.
884 1717 897 1736 ³
920 1718 1079 1759 urgentis
1097 1717 1163 1748 Pa.

147 1803 161 1816 ‘¹
187 1796 231 1828 Of
255 1797 395 1834 39442,
417 1796 553 1827 Palmer
576 1807 676 1837 says:
718 1798 740 1812 “
755 1796 828 1827 The
852 1796 1014 1836 question
1039 1795 1075 1826 of
1098 1795 1306 1835 authorship

103 1840 139 1871 of
162 1840 261 1871 these
279 1850 395 1871 verses
420 1840 448 1870 is
472 1839 590 1870 bound
615 1850 661 1880 up
679 1839 767 1871 with
791 1839 871 1870 that
896 1839 931 1870 of
954 1839 1015 1870 the
1039 1838 1248 1879 authorship
1271 1837 1308 1869 of

103 1884 155 1915 21.
179 1885 316 1915 13-248.
358 1883 464 1914 Their
475 1882 558 1914 date
568 1883 630 1913 has
644 1883 729 1914 been
744 1894 763 1914 a
778 1883 914 1923 subject
929 1882 963 1913 of
980 1882 1083 1913 much
1095 1882 1303 1913 discussion:

104 1938 209 1968 many
225 1928 344 1958 critics
361 1926 449 1957 have
466 1926 547 1958 held
573 1926 652 1958 that
677 1927 762 1968 they
779 1937 870 1958 were
886 1927 1032 1958 written
1050 1936 1087 1957 so
1104 1925 1175 1957 late
1191 1935 1228 1956 as
1246 1925 1306 1959 the

106 2003 181 2027 200
