1445 2297
704 94 844 132 OVID

169 208 279 240 certe
301 215 376 251 ego
397 201 579 238 convalui
601 200 781 237 nondum
801 200 852 236 de
874 200 1039 236 vulnere
1060 199 1144 245 tali,

223 262 269 294 ut
290 256 418 293 iaculo
439 258 595 305 scriptis
616 258 772 291 eminus
793 257 872 291 1613
892 257 982 291 tuis.

169 311 265 362 quid
285 317 424 348 tamen
444 310 522 347 huc
542 313 678 346 venias
695 310 709 345 ἓ
738 322 832 346 sane
853 308 1079 345 miserabile
1100 322 1254 358 corpus,

223 368 377 415 ingenii
398 365 532 401 videas
552 378 697 414 magna
714 363 727 386 1
747 369 912 413 tropaea
931 367 991 400 tui
1009 364 1016 400 ἔ

169 420 416 457 concidimus
444 422 598 463 macie3
628 418 735 455 color
759 423 820 455 est
847 421 932 455 sine
964 420 1171 468 sanguine,
1199 431 1294 468 qua-

277 474 359 511 lem
1299 472 1374 508 215

224 532 265 565 111
286 542 404 578 pomo
424 528 554 565 refero
574 533 713 565 mente
734 527 855 564 fuisse
875 532 958 573 tuo,

171 584 341 620 candida
361 597 436 620 1166
456 586 582 620 mixto
603 582 818 620 sublucent
838 595 905 618 ora
926 583 1080 618 rubore.

224 638 351 675 forma
371 641 463 674 novi
483 637 574 674 talis
594 640 799 673 marmoris
820 649 906 673 esse
927 636 1053 680 solet;

170 696 329 742 argenti
351 692 458 729 color
478 697 540 729 est
560 695 667 728 inter
687 693 866 728 convivia
887 690 990 736 talis,

225 747 331 797 quod
352 752 507 783 tactum
527 746 685 796 gelidae
706 745 853 795 frigore
874 745 1000 794 pallet
1019 758 1157 795 aquae.
1299 745 1376 782 220

170 804 201 838 si
221 815 287 838 me
308 815 415 838 nunc
435 801 582 845 videas,
604 803 727 837 visam
747 802 854 849 prius
875 813 961 836 esse
982 801 1160 849 negabis,

227 860 251 876 ‘⁴‘
262 861 349 892 arte
370 869 445 892 1166
467 855 567 900 est,”
590 855 712 899 dices,
735 857 846 891 “ista
866 857 995 904 petita
1016 854 1144 899 mea,'’

171 913 434 960 promissique.
454 910 587 955 fidem,
609 923 660 946 ne
682 912 754 945 sim
775 910 849 945 tibi
869 911 1018 954 iuncta,
1040 911 1236 954 remittes,

227 970 269 1002 et
290 968 426 1014 cupies
447 964 547 1001 illud
568 978 649 1000 non
668 966 899 1000 meminisse
920 963 1047 999 deam.

171 1019 338 1056 forsitan
359 1025 401 1056 et
422 1019 542 1055 facies
563 1022 690 1055 iurem
710 1023 756 1054 ut
777 1020 973 1054 contraria
992 1031 1137 1063 rursus,
1300 1017 1376 1053 225

227 1087 410 1124 quaeque
431 1074 563 1123 legam
584 1076 723 1109 mittes
743 1072 870 1109 altera
890 1073 1010 1108 verba
1030 1072 1139 1109 mihi.

173 1128 253 1166 Sed
278 1134 415 1165 tamen
439 1128 665 1177 adspiceres
692 1127 851 1172 vellem,
873 1126 979 1176 quod
1005 1132 1046 1163 et
1072 1129 1157 1176 ipse
1185 1140 1297 1176 roga-

282 1184 407 1219 bas-—

227 1238 454 1287 adspiceres
476 1250 643 1286 sponsae
664 1236 854 1285 languida
873 1236 1053 1272 membra
1072 1241 1166 1272 tuae
1183 1236 1190 1271 l

174 1292 311 1329 durius
332 1297 374 1328 et
394 1291 500 1328 ferro
521 1305 611 1328 cum
632 1294 683 1327 sit
703 1291 776 1327 tibi
797 1296 951 1340 pectus,
974 1290 1134 1335 Aconti,

228 1352 273 1384 tu
295 1349 453 1383 veniam
474 1348 619 1382 nostris
640 1346 801 1381 vocibus
822 1347 906 1394 ipse
927 1350 1052 1394 petas.
1302 1343 1379 1381 230

175 1414 227 1438 ne
247 1406 385 1438 tamen
406 1404 566 1450 ignores
588 1413 664 1449 ope
685 1413 762 1449 qua
783 1399 1028 1436 revalescere
1050 1401 1210 1448 possim,

230 1458 435 1505 quaeritur
455 1469 477 1491 a
500 1454 669 1504 Delphis
690 1454 772 1490 fata
793 1459 966 1490 canente
987 1453 1073 1490 deo.

175 1512 206 1546 is
228 1523 387 1559 quoque
408 1512 542 1546 nescio
563 1522 695 1559 quam,
716 1522 823 1544 1111116
843 1514 889 1544 ut
908 1521 1009 1557 vaga
1028 1507 1134 1543 fama
1154 1512 1342 1553 susurrat,

229 1564 455 1600 116616613111
476 1566 658 1613 queritur
677 1565 792 1599 testis
814 1562 962 1599 habere
984 1562 1114 1598 fidem.

176 1618 251 1654 hoc
271 1618 382 1664 deus,
397 1618 472 1654 hoc
492 1623 617 1663 vates,
634 1617 708 1653 hoc
726 1622 767 1654 et
782 1630 872 1653 mea
888 1619 1062 1652 6311111113
1082 1616 1280 1653 dicunt—
1303 1616 1379 1652 235

230 1678 272 1709 31
292 1672 441 1709 desunt
461 1678 553 1709 voto
574 1674 749 1707 6311111113
768 1671 878 1707 1111113
896 1676 967 1707 1110
983 1672 989 1707 l

177 1727 285 1763 unde
305 1728 379 1764 tibi
400 1727 509 1763 favor
529 1726 621 1763 hic?
652 1729 727 1762 nisi
747 1728 778 1762 si
792 1726 806 1748 2
827 1725 928 1761 nova
948 1724 1052 1762 forte
1073 1730 1234 1774 reperta
1255 1730 1316 1761 est

232 1794 333 1831 quae
355 1784 486 1831 capiat
506 1794 672 1830 magnos
692 1780 828 1817 littera
847 1780 953 1816 lecta
973 1780 1080 1816 deos.

322 1857 333 1876 ¹
358 1868 483 1898 magna
500 1857 662 1897 Dilthey:
689 1856 771 1887 bina
790 1856 839 1887 L:
865 1855 972 1898 digna
991 1867 1055 1887 ean
1072 1855 1224 1896 Lennep.

322 1900 335 1919 ²
359 1902 387 1932 si
403 1901 483 1934 Pa:
510 1900 602 1942 quod
621 1900 672 1932 L:
698 1900 790 1931 forte
806 1911 897 1931 nova
914 1913 967 1930 πυ.

387 1990 403 2003 α
426 1983 603 2022 Ἀκόντιον,
623 1994 642 2014 a
658 1983 799 2024 javelin,
820 1982 979 2013 iaculum.

389 2028 401 2046 ὁ
425 2027 453 2060 I.
462 2040 485 2059 e.
507 2038 594 2069 pray
612 2027 666 2058 for
682 2027 742 2058 the
759 2027 940 2057 remission
957 2025 992 2057 of
1010 2036 1068 2067 my
1084 2024 1178 2056 oath.

181 2076 256 2122 308
