1445 2297
701 85 843 139 ovm'

167 207 315 245 ludunt
334 206 531 244 formosae
547 220 556 252 ;
585 213 694 244 casta
714 213 788 253 est,
810 221 929 258 quam
949 221 1069 245 nemo
1089 211 1298 258 rogavit-—

221 267 304 308 aut,
326 265 357 299 si
377 265 578 299 rusticitas
598 276 680 299 non
700 267 824 308 vetat,
846 265 931 312 ipsa
950 268 1076 312 rogat.

167 317 238 354 has
259 330 432 367 quoque,
453 330 550 367 quas
570 316 714 354 frontis
734 330 853 366 rugas
874 320 915 353 in
936 320 1087 354 vertice
1108 317 1273 367 portas,l
1326 318 1376 354 45

223 377 368 408 excute
385 384 393 416 ;
423 371 474 408 de
495 374 603 421 rugis
625 374 791 408 crimina
810 371 938 408 multa
959 372 1116 409 cadent.

171 425 374 475 Penelope
396 428 586 463 iuvenum
607 429 710 463 vires
730 427 960 476 temptabat
980 428 1021 462 in
1041 440 1134 463 arcu
1153 439 1162 471 ;

223 483 291 530 qui
310 480 416 518 latus
435 486 638 530 argueret,
660 494 829 518 corneus
849 494 963 517 arcus
984 486 1081 518 erat.

169 535 319 572 labitur
338 535 496 572 occulte
518 535 703 585 fallitque
724 535 909 572 volubilis
929 540 1053 581 aetas,

224 595 267 626 et
287 589 395 626 celer
414 590 596 627 admissis
616 590 766 627 labitur
785 603 914 627 annus
936 589 1079 640 equis.2
1328 590 1379 626 50

170 657 261 681 aera
282 647 417 681 nitent
437 658 523 690 usu,
545 647 667 681 vestis
688 645 792 681 bona
813 647 971 694 quaerit
991 644 1142 690 haberi,

224 704 444 736 canescunt
464 702 573 748 turpi
593 704 704 736 tecta
724 699 864 736 relicta
884 702 1018 736 situ-

170 753 310 799 forma,
332 756 407 790 nisi
427 753 630 799 admittas,
652 753 763 790 nullo
784 759 1001 790 exercente
1022 755 1207 790 senescit.

225 821 300 845 nec
322 811 417 845 satis
438 808 604 845 effectus
626 821 729 845 unus
751 814 792 845 et
812 808 915 845 alter
936 808 1113 852 habent;
1409 850 1414 854 ι

171 865 318 899 certior
338 876 359 899 e
380 863 518 899 multis
539 876 614 899 nec
635 865 713 899 iam
733 863 928 899 invidiosa
948 865 1087 912 rapina
1108 868 1180 899 est.
1329 862 1378 897 55

224 917 345 966 plena
366 920 477 954 venit
498 920 605 954 canis
626 917 677 954 de
697 930 822 967 grege
842 917 992 966 praeda
1011 917 1125 966 lupis.

172 971 291 1017 Ecce,
312 971 408 1021 quid
428 975 504 1008 iste
525 977 619 1008 tuus
639 977 801 1021 praeter
821 985 922 1008 nova
943 975 1117 1008 carmina
1139 976 1249 1007 vates

226 1026 380 1062 donat?
409 1029 596 1063 amatoris
616 1026 725 1062 inilia
744 1026 873 1063 multa
891 1026 1034 1075 leges.3

171 1083 256 1130 ipse
277 1080 377 1117 deus
398 1086 535 1117 vatum
556 1081 662 1130 palla
682 1080 911 1130 spectabilis
931 1094 1051 1117 aurea

227 1140 376 1172 tractat
396 1138 602 1172 inauratae
624 1149 797 1172 consona
817 1135 881 1171 fila
901 1135 1021 1185 lyrae.
1330 1133 1380 1170 60

173 1192 241 1239 qui
262 1190 387 1235 dabit,
409 1190 477 1226 ille
497 1191 572 1227 tibi
592 1203 740 1239 magno
760 1193 812 1227 sit
831 1192 956 1226 maior
979 1189 1160 1226 Homero
1178 1202 1186 1233 3

227 1244 347 1281 crede
368 1244 479 1289 mihi,
500 1258 563 1281 res
584 1250 646 1281 est
666 1247 874 1294 ingeniosa
893 1244 999 1281 dare.

173 1311 249 1335 nec
269 1304 326 1344 tu,
348 1302 470 1349 siquis
491 1302 568 1335 erit
589 1302 729 1348 capitis
749 1298 938 1336 mercede
959 1298 1207 1347 redemptus,

228 1353 390 1402 despice
409 1366 417 1398 ;
447 1356 607 1403 gypsati
627 1356 779 1390 crimen
799 1356 919 1390 inane
940 1353 1064 1403 pedis.

174 1420 250 1444 nec
270 1413 312 1444 te
333 1408 540 1457 decipiant
560 1413 719 1445 veteres
740 1410 890 1444 circum
909 1410 1011 1444 atria
1031 1419 1157 1444 cerae.
1331 1406 1380 1442 65

229 1462 327 1499 tolle
349 1467 438 1499 tuos
459 1468 608 1509 tecum,
630 1476 784 1512 pauper
803 1468 968 1508 amator,
990 1475 1082 1498 avos
1099 1463 1106 1498 ἔ

175 1519 288 1566 quin,
308 1519 400 1566 quia
420 1516 590 1567 pulcher
610 1520 699 1563 erit,
721 1522 860 1566 poscet
881 1519 966 1553 sine
987 1528 1155 1553 munere
1176 1514 1361 1551 noctem!

230 1571 337 1620 quod
357 1571 441 1617 det,
462 1577 684 1608 amatorem
704 1571 860 1620 flagitet
879 1576 974 1608 ante
996 1584 1110 1607 suum
1129 1570 1136 1606 i

177 1624 336 1661 Parcius
358 1628 509 1675 exigito
529 1629 717 1675 pretium,
739 1625 836 1662 dum
856 1628 958 1662 retia
977 1625 1124 1669 tendis,

229 1693 280 1717 ne
301 1679 482 1729 fugiant3
513 1685 649 1729 captos
668 1680 826 1729 legibus
847 1693 916 1717 ure
936 1680 1039 1716 tuis!
1332 1676 1382 1715 70

220 1783 231 1803 ¹
255 1785 300 1817 So
317 1784 369 1816 the
384 1785 506 1817 MSS:
531 1796 620 1826 quae
647 1809 653 1816 .
682 1810 688 1816 .
718 1809 724 1816 .
751 1787 897 1826 portant
915 1785 1036 1816 Burm.
1056 1783 1150 1815 Ehw.
1171 1782 1273 1815 IVem.
1294 1782 1355 1813 Br.

219 1827 232 1847 ²
255 1832 296 1860 ut
322 1853 329 1860 .
356 1853 362 1860 .
393 1852 399 1859 .
425 1829 537 1860 amnis
554 1829 654 1870 aquis
670 1828 719 1860 N.
738 1829 844 1860 Hein.
863 1828 963 1860 Nem.
1058 1827 1070 1846 3
1094 1827 1184 1859 feres
1199 1826 1301 1858 Nem.

220 1929 236 1942 ‘¹
259 1922 333 1954 The
350 1923 517 1954 wrinkles
534 1934 592 1954 are
609 1923 710 1954 those
726 1923 762 1954 of
785 1921 924 1965 feigned
944 1923 1131 1963 austerity,
1151 1921 1212 1953 the
1230 1919 1328 1951 mask
1346 1918 1382 1950 of

176 1977 195 1998 a
212 1970 355 1998 wanton
371 1966 441 1999 life.

221 2011 233 2030 ὂ
255 2010 392 2052 Apollo.
495 2016 507 2030 ⁶
531 2010 651 2043 Slaves
667 2010 796 2042 offered
814 2009 867 2042 for
884 2010 954 2042 sale
971 2020 1062 2041 were
1077 2009 1161 2041 thus
1178 2006 1333 2040 marked.

179 2084 255 2121 350
