1409 2282
657 59 797 96 OVID

123 165 219 215 quid
240 167 393 214 petitur
412 169 527 201 tanto
547 166 622 200 uisi
643 166 770 213 turpis
790 164 973 201 adultera
994 164 1128 201 bello?

176 236 272 272 dum
292 235 400 280 licet,
425 235 611 271 Inachiae
633 238 779 271 vertite
800 235 888 271 vela
908 236 1036 272 rates!

123 307 192 343 sed
214 307 309 356 quid
330 307 433 356 ago?
462 307 632 343 revoco?
662 309 922 343 revocaminis
942 320 1060 343 omen
1080 308 1231 353 abesto,
1250 308 1325 344 135

177 378 403 427 blandaque
425 380 649 427 conpositas
670 391 764 414 aura
784 378 979 415 secundet
999 392 1120 428 aquas
1140 380 1147 415 1

123 443 287 480 Troasin
308 443 480 488 invideo,
502 455 604 492 quae
625 445 679 479 sic
700 442 906 479 lacrimosa
925 456 1085 479 suorum

177 509 317 545 funera
339 511 600 558 conspicient,
622 522 696 545 nec
717 508 854 557 procul
875 507 1000 545 hostis
1022 511 1108 545 erit.

122 578 208 624 ipsa
230 577 308 611 suis
329 575 511 611 manibus
532 573 625 610 forti
646 587 748 610 nova
768 579 895 623 nupta
914 576 1057 610 marito

177 643 345 689 inponet
365 640 521 689 galeam
544 639 810 689 Dardanaque
831 652 940 675 arma
960 639 1081 676 dabit.
1252 640 1327 677 140

123 719 231 741 arma
268 705 393 750 dabit,
433 705 610 754 dumque
649 718 756 740 arma
795 704 919 750 dabit,
959 704 1075 741 simul
1115 705 1247 742 oscula

232 776 418 807 sumet——

178 836 253 872 hoc
273 849 400 885 genus
422 835 535 871 officii
557 835 675 872 dulce
696 828 851 872 duobus
873 838 1004 872 erit-

124 900 399 950 producetque
421 903 560 945 virum,
582 900 696 936 dabit
718 905 759 937 et
779 900 969 937 mandata
990 904 1139 938 reverti

178 971 220 1003 et
240 966 371 1003 dicet:
404 970 428 986 ‘⁶
443 965 592 1002 referas
613 968 687 1002 ista
708 965 770 1001 fac
791 979 900 1002 arma
922 966 1003 1002 Iovi
1022 967 1029 1002 !
1045 966 1062 983 ''

123 1032 190 1068 ille
212 1031 345 1068 ferens
366 1031 551 1067 dominae
572 1031 761 1067 mandata
782 1034 962 1068 recentia
982 1045 1117 1069 secum
1251 1033 1325 1069 145

178 1097 375 1146 pugnabit
396 1101 512 1133 caute
534 1099 803 1146 respicietque
825 1096 999 1134 domum.

124 1167 247 1199 exuet
267 1162 366 1198 haec
387 1161 524 1198 reduci
546 1161 720 1210 clipeum
741 1161 978 1212 galeamque
1000 1162 1186 1209 resolvet,

177 1230 431 1277 excipietque
454 1240 523 1263 suo
545 1240 708 1276 corpora
728 1227 828 1263 lassa
847 1230 946 1263 sinu.

125 1293 207 1330 Nos
228 1306 361 1329 sumus
382 1295 559 1329 incertae
575 1305 584 1336 3
613 1305 684 1329 nos
713 1295 852 1329 anxius
873 1296 1005 1329 onmia
1025 1296 1145 1343 cogit,

177 1372 279 1408 quae
301 1363 468 1407 possunt
489 1357 585 1403 fieri,
607 1357 712 1394 facta
734 1363 873 1407 putare
894 1361 1023 1396 timor.
1252 1360 1326 1396 150

123 1424 219 1461 dum
239 1430 375 1461 tamen
395 1437 501 1459 arma
523 1436 639 1473 geres
659 1423 815 1460 diverso
835 1423 949 1460 miles
969 1427 1009 1460 in
1030 1425 1137 1470 orbe,

177 1504 278 1539 quae
300 1489 450 1526 referat
471 1489 604 1525 vultus
625 1494 687 1525 est
707 1489 806 1524 mihi
829 1502 919 1526 cera
940 1495 1030 1526 tuos
1047 1503 1054 1534 3

122 1555 179 1591 illi
200 1555 427 1599 blanditias,
448 1554 505 1590 illi
525 1554 598 1591 tibi
619 1554 757 1590 debita
777 1555 898 1590 verba

177 1620 359 1666 dicimus,
379 1620 586 1669 amplexus
607 1622 752 1668 accipit
773 1619 839 1655 illa
859 1633 979 1657 meos.

123 1685 242 1722 crede
290 1684 400 1730 mihi,
450 1684 538 1734 plus
587 1689 661 1730 est,
711 1698 830 1734 quam
885 1685 991 1735 quod
1049 1685 1246 1732 videatur,

230 1753 385 1799 imago3
1251 1752 1325 1788 155

177 1815 280 1852 adde
302 1829 442 1851 sonum
465 1828 592 1861 cerae,
617 1815 855 1851 Protesilaus
876 1818 963 1852 erit.

125 1881 228 1917 hanc
249 1886 387 1929 specto
408 1886 610 1930 teneoque
632 1884 718 1917 sinu
740 1894 811 1930 pro
831 1884 1000 1930 coniuge
1021 1895 1126 1927 vero,

179 1952 233 1991 et,
254 1951 457 1995 tamquam
478 1949 601 1995 possit
621 1947 741 1982 verba
760 1945 922 1992 referre,
944 1960 1097 1996 queror.

129 2019 201 2054 168
