1445 2297
712 60 852 99 OVID

178 173 348 218 utraque
367 167 540 205 formosa
560 172 634 213 est,
655 179 845 216 operosae
865 166 1039 204 cultibus
1058 166 1198 203 ambae
1217 178 1226 210 3
1359 166 1381 202 5

231 229 383 265 artibus
404 231 446 264 111
465 227 588 264 dubio
609 232 670 264 est
690 227 789 264 11300
810 229 861 264 sit
880 240 932 263 an
952 226 1020 263 illa
1039 228 1155 275 prior.

178 288 381 338 pulchrior
400 288 474 324 hac
494 287 562 323 illa
583 293 656 333 est,
672 286 772 324 haec
793 292 854 324 est
874 299 1033 337 quoque
1049 285 1251 336 pulchrior
1265 285 1357 331 illa3

233 354 275 385 et
294 350 421 398 magis
440 347 540 384 haec
561 348 687 393 nobis,
710 352 752 384 et
771 349 898 396 magis
918 346 986 383 illa
1005 346 1140 395 placet
1158 346 1165 382 Ῐ

178 414 314 445 errant
336 413 380 445 ut
401 410 531 444 ventis
552 407 800 444 discordibus
820 411 909 443 acta
928 405 1114 456 phaselos

232 468 521 517 dividuumque
541 472 688 504 tenent
707 466 810 503 alter
831 471 873 503 et
892 465 995 503 alter
1014 479 1134 502 amor.
1336 465 1384 502 10

178 528 275 579 quid
294 531 488 577 geminas,
510 527 694 577 Erycina,
715 540 825 564 meos
846 529 931 564 sine
952 526 1031 562 fine
1052 525 1237 563 dolores?

232 602 313 625 non
334 593 420 625 erat
439 591 480 624 in
502 601 614 624 curas
634 601 713 624 una
733 586 867 636 puella
888 588 981 623 satis
998 587 1012 622 ?

177 648 274 699 quid
295 648 389 685 folia
408 649 625 693 arboribus,
646 647 743 698 quid
763 646 884 696 pleno
904 646 1034 683 sidera
1054 645 1176 691 03010,

231 711 273 744 111
293 708 397 745 freta
418 707 605 744 collectas
625 707 706 744 alta
726 706 823 756 quid
843 706 956 743 addis
976 706 1125 755 aquas?

177 768 257 805 Sed
300 774 438 805 tamen
479 767 554 804 hoc
599 766 754 812 melius,
799 779 918 816 quam
964 768 995 802 si
1040 768 1124 802 sine
1169 779 1303 803 amore

285 831 514 865 iacerem—
1336 826 1382 862 15

231 889 412 926 hostibus
433 890 593 924 eveniat
614 890 694 924 vita
715 899 852 924 severa
871 886 993 922 meis!

176 949 358 986 hostibus
379 950 539 985 eveniat
559 947 678 983 viduo
698 946 871 983 dormire
892 945 1013 982 cubili

231 1013 274 1045 et
293 1008 427 1045 medio
447 1007 535 1044 laxe
557 1019 706 1056 ponere
727 1006 907 1042 membra
926 1010 1014 1042 toro
1032 1004 1039 1040 !

175 1074 217 1106 at
237 1068 336 1105 mihi
357 1081 495 1104 saevus
516 1080 625 1103 amor
646 1079 804 1103 somnos
824 1066 1037 1114 abrumpat
1056 1066 1219 1110 inertes,

231 1131 384 1178 simque
405 1130 486 1164 mei
505 1127 601 1164 lecti
621 1140 703 1163 non
724 1139 799 1175 ego
819 1124 924 1162 solus
946 1137 1045 1161 onus
1063 1124 1070 1160 l
1332 1124 1382 1161 20

176 1202 241 1225 me
261 1201 351 1225 mea
371 1187 577 1236 disperdat
598 1185 708 1222 nullo
729 1185 970 1235 prohibente
990 1183 1181 1233 puella—-

231 1245 262 1279 si
284 1245 377 1279 satis
398 1255 477 1278 11113
497 1246 644 1290 potest,
667 1243 698 1277 si
717 1242 849 1276 minus
870 1252 960 1284 una,
982 1238 1085 1275 duae
1103 1238 1110 1274 !

177 1295 602 1345 sufficiam—graciles,
623 1308 704 1331 non
725 1299 819 1331 sunt
839 1296 924 1330 sine
945 1293 1092 1329 viribus
1112 1297 1221 1329 artus
1239 1306 1248 1337 ;

231 1351 422 1401 pondere,
444 1363 525 1386 non
545 1352 676 1386 nervis
697 1361 860 1398 corpora
879 1352 1014 1384 nostra
1034 1352 1196 1391 carent3

177 1411 219 1443 et
238 1405 355 1442 lateri
375 1405 488 1442 dabit
508 1407 549 1440 in
570 1407 672 1440 vires
692 1403 884 1440 alimenta
903 1401 1097 1450 voluptas.

230 1460 402 1509 decepta
423 1464 484 1496 est
504 1472 624 1508 opera
644 1457 754 1494 nulla
774 1456 908 1506 puella
927 1468 1017 1492 mea
1034 1468 1043 1499 3

176 1528 294 1563 saepe
317 1527 391 1563 ego
412 1513 556 1550 lascive
578 1514 805 1561 consumpsi
824 1516 1006 1560 tempora
1019 1510 1032 1533 1
1054 1512 1194 1555 noctis,

230 1568 338 1605 utilis
359 1573 401 1604 et
421 1567 515 1604 forti
535 1580 697 1616 corpore
718 1578 836 1602 mane
857 1564 924 1601 fui.

175 1622 285 1668 felix,
307 1635 427 1672 quem
448 1621 616 1658 Veneris
637 1622 855 1657 certamina
874 1624 1015 1655 mutua
1034 1618 1233 1668 perdunt!

230 1677 271 1713 di
291 1676 452 1721 faciant,
473 1676 545 1712 leti
567 1689 682 1711 causa
703 1677 753 1711 sit
774 1677 849 1711 ista
868 1675 948 1710 mei
967 1673 973 1709 !
1331 1673 1380 1709 30

177 1731 325 1768 Induat
345 1731 519 1767 adversis
540 1731 737 1766 contraria
756 1733 920 1777 pectora
939 1727 1031 1764 telis

228 1785 343 1822 miles
365 1790 406 1821 et
426 1790 636 1821 aeternum
657 1785 851 1832 sanguine
872 1795 1020 1818 nomen
1041 1786 1158 1818 emat.

175 1845 341 1890 quaerat
360 1852 499 1875 avarus
519 1852 615 1887 opes
636 1843 689 1883 01,
711 1850 812 1887 quae
832 1836 986 1873 lassarit
1006 1835 1167 1881 arando,

229 1907 401 1944 aequora
420 1895 578 1942 periuro
599 1891 814 1940 naufragus
835 1903 902 1927 ore
923 1890 1043 1926 bibat.

1331 1402 1352 1437 [0

1357 1401 1380 1437 01

305 1971 315 1991 ¹
341 1972 385 2003 So
402 1972 457 2004 Ps
474 1984 480 2003 :
506 1971 657 2002 lascivae
674 1972 881 2011 consumpto
898 1971 1055 2009 tempore
1072 1967 1122 1999 N.
1142 1966 1183 1998 H
1183 1966 1247 1999 ein.

175 2049 250 2081 412
