<?xml version="1.0" encoding="UTF-8"?>
<!DOCTYPE html PUBLIC "-//W3C//DTD XHTML 1.0 Transitional//EN"
    "http://www.w3.org/TR/xhtml1/DTD/xhtml1-transitional.dtd">
<html xmlns="http://www.w3.org/1999/xhtml" xml:lang="en" lang="en">
 <head>
  <title>
</title>
<meta http-equiv="Content-Type" content="text/html;charset=utf-8" />
  <meta name='ocr-system' content='tesseract 3.04.00' />
  <meta name='ocr-capabilities' content='ocr_page ocr_carea ocr_par ocr_line ocrx_word'/>
</head>
<body>
  <div class='ocr_page' id='page_1' title='image "./heroidesamores00ovid_0480.png"; bbox 0 0 1445 2297; ppageno 0'>
   <div class='ocr_carea' id='block_1_1' title="bbox 687 75 827 114">
    <p class='ocr_par' dir='ltr' id='par_1_1' title="bbox 687 75 827 114">
     <span class='ocr_line' id='line_1_1' title="bbox 687 75 827 114; baseline -0.014 0"><span class='ocrx_word' id='word_1_1' title='bbox 687 75 827 114; x_wconf 91' lang='lat' dir='ltr'>OVID</span> 
     </span>
    </p>
   </div>
   <div class='ocr_carea' id='block_1_2' title="bbox 154 180 1237 1576">
    <p class='ocr_par' dir='ltr' id='par_1_2' title="bbox 154 180 1135 293">
     <span class='ocr_line' id='line_1_2' title="bbox 154 180 1135 230; baseline 0.002 -14"><span class='ocrx_word' id='word_1_2' title='bbox 154 193 248 217; x_wconf 86' lang='lat' dir='ltr'>ecce</span> <span class='ocrx_word' id='word_1_3' title='bbox 267 180 273 217; x_wconf 89' lang='lat'>!</span> <span class='ocrx_word' id='word_1_4' title='bbox 304 186 449 230; x_wconf 86' lang='lat' dir='ltr'>petens</span> <span class='ocrx_word' id='word_1_5' title='bbox 469 184 585 217; x_wconf 87' lang='lat' dir='ltr'>variis</span> <span class='ocrx_word' id='word_1_6' title='bbox 605 183 792 218; x_wconf 84' lang='lat' dir='ltr'>inmixtas</span> <span class='ocrx_word' id='word_1_7' title='bbox 812 181 971 218; x_wconf 86' lang='lat' dir='ltr'>floribus</span> <span class='ocrx_word' id='word_1_8' title='bbox 992 181 1135 219; x_wconf 79' lang='lat' dir='ltr'>herbas</span> 
     </span>
     <span class='ocr_line' id='line_1_3' title="bbox 208 247 1129 293; baseline 0.002 -11"><span class='ocrx_word' id='word_1_9' title='bbox 208 250 390 284; x_wconf 88' lang='lat' dir='ltr'>constitit</span> <span class='ocrx_word' id='word_1_10' title='bbox 410 252 505 284; x_wconf 85' lang='lat' dir='ltr'>ante</span> <span class='ocrx_word' id='word_1_11' title='bbox 526 247 660 284; x_wconf 89' lang='lat' dir='ltr'>oculos</span> <span class='ocrx_word' id='word_1_12' title='bbox 681 247 850 284; x_wconf 87' lang='lat' dir='ltr'>candida</span> <span class='ocrx_word' id='word_1_13' title='bbox 870 261 988 284; x_wconf 87' lang='lat' dir='ltr'>vacca</span> <span class='ocrx_word' id='word_1_14' title='bbox 1007 261 1129 293; x_wconf 82' lang='lat' dir='ltr'>meos,</span> 
     </span>
    </p>

    <p class='ocr_par' dir='ltr' id='par_1_3' title="bbox 154 312 1200 429">
     <span class='ocr_line' id='line_1_4' title="bbox 154 312 1199 360; baseline 0.002 -12"><span class='ocrx_word' id='word_1_15' title='bbox 154 312 360 349; x_wconf 77' lang='lat' dir='ltr'>candidior</span> <span class='ocrx_word' id='word_1_16' title='bbox 380 314 548 358; x_wconf 73' lang='lat' dir='ltr'>nivibus,</span> <span class='ocrx_word' id='word_1_17' title='bbox 570 319 668 350; x_wconf 85' lang='lat' dir='ltr'>tunc</span> <span class='ocrx_word' id='word_1_18' title='bbox 689 327 779 349; x_wconf 94' lang='grc'><strong>011111</strong></span> <span class='ocrx_word' id='word_1_19' title='bbox 800 313 981 350; x_wconf 75' lang='lat' dir='ltr'>cecidere</span> <span class='ocrx_word' id='word_1_20' title='bbox 1001 319 1199 360; x_wconf 73' lang='lat' dir='ltr'><strong>recentes,</strong></span> 
     </span>
     <span class='ocr_line' id='line_1_5' title="bbox 209 378 1200 429; baseline 0.001 -15"><span class='ocrx_word' id='word_1_21' title='bbox 209 381 249 414; x_wconf 90' lang='lat' dir='ltr'>in</span> <span class='ocrx_word' id='word_1_22' title='bbox 269 378 440 428; x_wconf 87' lang='lat' dir='ltr'>liquidas</span> <span class='ocrx_word' id='word_1_23' title='bbox 462 379 642 415; x_wconf 88' lang='lat' dir='ltr'>nondum</span> <span class='ocrx_word' id='word_1_24' title='bbox 663 392 759 429; x_wconf 89' lang='lat' dir='ltr'>quas</span> <span class='ocrx_word' id='word_1_25' title='bbox 779 392 889 415; x_wconf 87' lang='lat' dir='ltr'>mora</span> <span class='ocrx_word' id='word_1_26' title='bbox 909 382 1032 415; x_wconf 89' lang='lat' dir='ltr'>vertit</span> <span class='ocrx_word' id='word_1_27' title='bbox 1051 393 1172 429; x_wconf 88' lang='lat' dir='ltr'>aquas</span> <span class='ocrx_word' id='word_1_28' title='bbox 1191 393 1200 424; x_wconf 89' lang='lat'>;</span> 
     </span>
    </p>

    <p class='ocr_par' dir='ltr' id='par_1_4' title="bbox 154 444 1237 560">
     <span class='ocr_line' id='line_1_6' title="bbox 154 444 1237 494; baseline 0.002 -14"><span class='ocrx_word' id='word_1_29' title='bbox 154 444 371 489; x_wconf 79' lang='lat' dir='ltr'>candidior,</span> <span class='ocrx_word' id='word_1_30' title='bbox 393 444 500 494; x_wconf 90' lang='lat' dir='ltr'>quod</span> <span class='ocrx_word' id='word_1_31' title='bbox 520 444 652 481; x_wconf 89' lang='lat' dir='ltr'>adhuc</span> <span class='ocrx_word' id='word_1_32' title='bbox 672 447 822 494; x_wconf 87' lang='lat' dir='ltr'>spumis</span> <span class='ocrx_word' id='word_1_33' title='bbox 842 444 1106 481; x_wconf 87' lang='lat' dir='ltr'>stridentibus</span> <span class='ocrx_word' id='word_1_34' title='bbox 1126 445 1237 482; x_wconf 85' lang='lat' dir='ltr'>albet</span> 
     </span>
     <span class='ocr_line' id='line_1_7' title="bbox 209 510 1078 560; baseline 0.001 -15"><span class='ocrx_word' id='word_1_35' title='bbox 209 515 251 546; x_wconf 92' lang='lat' dir='ltr'>et</span> <span class='ocrx_word' id='word_1_36' title='bbox 270 510 390 546; x_wconf 90' lang='lat' dir='ltr'>modo</span> <span class='ocrx_word' id='word_1_37' title='bbox 410 513 610 555; x_wconf 71' lang='lat' dir='ltr'>siccatam,</span> <span class='ocrx_word' id='word_1_38' title='bbox 631 510 749 555; x_wconf 74' lang='lat' dir='ltr'>lacte,</span> <span class='ocrx_word' id='word_1_39' title='bbox 770 510 933 560; x_wconf 89' lang='lat' dir='ltr'>reliquit</span> <span class='ocrx_word' id='word_1_40' title='bbox 953 524 1078 547; x_wconf 90' lang='lat' dir='ltr'>ovem.</span> 
     </span>
    </p>

    <p class='ocr_par' dir='ltr' id='par_1_5' title="bbox 155 575 1227 688">
     <span class='ocr_line' id='line_1_8' title="bbox 155 575 1160 621; baseline 0 -10"><span class='ocrx_word' id='word_1_41' title='bbox 155 580 292 612; x_wconf 88' lang='lat' dir='ltr'>taurus</span> <span class='ocrx_word' id='word_1_42' title='bbox 314 580 400 612; x_wconf 83' lang='lat' dir='ltr'>erat</span> <span class='ocrx_word' id='word_1_43' title='bbox 421 588 553 612; x_wconf 87' lang='lat' dir='ltr'>comes</span> <span class='ocrx_word' id='word_1_44' title='bbox 574 575 678 621; x_wconf 84' lang='lat' dir='ltr'>huic,</span> <span class='ocrx_word' id='word_1_45' title='bbox 700 575 873 611; x_wconf 75' lang='lat' dir='ltr'>feliciter</span> <span class='ocrx_word' id='word_1_46' title='bbox 892 575 959 611; x_wconf 90' lang='lat' dir='ltr'>ille</span> <span class='ocrx_word' id='word_1_47' title='bbox 981 578 1160 620; x_wconf 86' lang='lat' dir='ltr'>maritus,</span> 
     </span>
     <span class='ocr_line' id='line_1_9' title="bbox 209 637 1227 688; baseline 0 -14"><span class='ocrx_word' id='word_1_48' title='bbox 209 651 380 688; x_wconf 88' lang='lat' dir='ltr'>cumque</span> <span class='ocrx_word' id='word_1_49' title='bbox 402 652 470 675; x_wconf 89' lang='lat' dir='ltr'>sua</span> <span class='ocrx_word' id='word_1_50' title='bbox 490 644 673 675; x_wconf 75' lang='lat' dir='ltr'>teneram</span> <span class='ocrx_word' id='word_1_51' title='bbox 694 641 864 687; x_wconf 83' lang='lat' dir='ltr'>coniuge</span> <span class='ocrx_word' id='word_1_52' title='bbox 884 641 1029 687; x_wconf 76' lang='lat' dir='ltr'>pressit</span> <span class='ocrx_word' id='word_1_53' title='bbox 1049 637 1227 675; x_wconf 89' lang='lat' dir='ltr'>humum.</span> 
     </span>
    </p>

    <p class='ocr_par' dir='ltr' id='par_1_6' title="bbox 156 703 1170 819">
     <span class='ocr_line' id='line_1_10' title="bbox 156 703 1170 741; baseline 0 -1"><span class='ocrx_word' id='word_1_54' title='bbox 156 703 265 740; x_wconf 86' lang='lat' dir='ltr'>Dum</span> <span class='ocrx_word' id='word_1_55' title='bbox 285 706 390 740; x_wconf 83' lang='lat' dir='ltr'>iacet</span> <span class='ocrx_word' id='word_1_56' title='bbox 412 709 453 740; x_wconf 89' lang='lat' dir='ltr'>et</span> <span class='ocrx_word' id='word_1_57' title='bbox 473 704 585 740; x_wconf 87' lang='lat' dir='ltr'>lente</span> <span class='ocrx_word' id='word_1_58' title='bbox 606 709 810 741; x_wconf 89' lang='lat' dir='ltr'>revocatas</span> <span class='ocrx_word' id='word_1_59' title='bbox 830 707 1006 741; x_wconf 89' lang='lat' dir='ltr'>ruminat</span> <span class='ocrx_word' id='word_1_60' title='bbox 1026 704 1170 741; x_wconf 85' lang='lat' dir='ltr'>herbas</span> 
     </span>
     <span class='ocr_line' id='line_1_11' title="bbox 208 770 1063 819; baseline 0.001 -14"><span class='ocrx_word' id='word_1_61' title='bbox 208 775 330 819; x_wconf 84' lang='lat' dir='ltr'>atque</span> <span class='ocrx_word' id='word_1_62' title='bbox 351 772 497 806; x_wconf 90' lang='lat' dir='ltr'>iterum</span> <span class='ocrx_word' id='word_1_63' title='bbox 519 775 632 819; x_wconf 87' lang='lat' dir='ltr'>pasto</span> <span class='ocrx_word' id='word_1_64' title='bbox 652 772 828 819; x_wconf 89' lang='lat' dir='ltr'>pascitur</span> <span class='ocrx_word' id='word_1_65' title='bbox 847 775 942 806; x_wconf 82' lang='lat' dir='ltr'>ante</span> <span class='ocrx_word' id='word_1_66' title='bbox 963 770 1063 815; x_wconf 85' lang='lat' dir='ltr'>cibo,</span> 
     </span>
    </p>

    <p class='ocr_par' dir='ltr' id='par_1_7' title="bbox 155 835 1097 947">
     <span class='ocr_line' id='line_1_12' title="bbox 155 835 1097 881; baseline 0 -10"><span class='ocrx_word' id='word_1_67' title='bbox 155 838 259 872; x_wconf 86' lang='lat' dir='ltr'>visus</span> <span class='ocrx_word' id='word_1_68' title='bbox 280 841 378 881; x_wconf 78' lang='lat' dir='ltr'>erat,</span> <span class='ocrx_word' id='word_1_69' title='bbox 400 849 538 872; x_wconf 92' lang='lat' dir='ltr'>somno</span> <span class='ocrx_word' id='word_1_70' title='bbox 559 838 661 872; x_wconf 89' lang='lat' dir='ltr'>vires</span> <span class='ocrx_word' id='word_1_71' title='bbox 681 835 887 872; x_wconf 83' lang='lat' dir='ltr'>adimente</span> <span class='ocrx_word' id='word_1_72' title='bbox 908 835 1097 881; x_wconf 78' lang='lat' dir='ltr'>ferendi,1</span> 
     </span>
     <span class='ocr_line' id='line_1_13' title="bbox 208 898 989 947; baseline 0.001 -14"><span class='ocrx_word' id='word_1_73' title='bbox 208 900 461 947; x_wconf 73' lang='lat' dir='ltr'>cornigerum</span> <span class='ocrx_word' id='word_1_74' title='bbox 481 903 588 935; x_wconf 87' lang='lat' dir='ltr'>terra</span> <span class='ocrx_word' id='word_1_75' title='bbox 608 898 838 947; x_wconf 79' lang='lat' dir='ltr'>deposuisse</span> <span class='ocrx_word' id='word_1_76' title='bbox 859 903 989 947; x_wconf 83' lang='lat' dir='ltr'>caput.</span> 
     </span>
    </p>

    <p class='ocr_par' dir='ltr' id='par_1_8' title="bbox 154 960 1123 1072">
     <span class='ocr_line' id='line_1_14' title="bbox 154 960 1123 1010; baseline 0 -13"><span class='ocrx_word' id='word_1_77' title='bbox 154 961 232 997; x_wconf 91' lang='lat' dir='ltr'>huc</span> <span class='ocrx_word' id='word_1_78' title='bbox 252 960 406 997; x_wconf 84' lang='lat' dir='ltr'>levibus</span> <span class='ocrx_word' id='word_1_79' title='bbox 427 963 562 996; x_wconf 85' lang='lat' dir='ltr'>cornix</span> <span class='ocrx_word' id='word_1_80' title='bbox 584 963 716 1010; x_wconf 81' lang='lat' dir='ltr'>pinnis</span> <span class='ocrx_word' id='word_1_81' title='bbox 736 961 899 1010; x_wconf 87' lang='lat' dir='ltr'>delapsa</span> <span class='ocrx_word' id='word_1_82' title='bbox 919 974 991 1010; x_wconf 85' lang='lat' dir='ltr'>per</span> <span class='ocrx_word' id='word_1_83' title='bbox 1010 974 1123 998; x_wconf 87' lang='lat' dir='ltr'>auras</span> 
     </span>
     <span class='ocr_line' id='line_1_15' title="bbox 208 1023 1036 1072; baseline -0.001 -12"><span class='ocrx_word' id='word_1_84' title='bbox 208 1027 320 1060; x_wconf 84' lang='lat' dir='ltr'>venit</span> <span class='ocrx_word' id='word_1_85' title='bbox 341 1029 383 1060; x_wconf 84' lang='lat' dir='ltr'>et</span> <span class='ocrx_word' id='word_1_86' title='bbox 404 1026 444 1059; x_wconf 94' lang='lat' dir='ltr'>in</span> <span class='ocrx_word' id='word_1_87' title='bbox 464 1023 579 1059; x_wconf 90' lang='lat' dir='ltr'>viridi</span> <span class='ocrx_word' id='word_1_88' title='bbox 599 1023 757 1072; x_wconf 80' lang='lat' dir='ltr'>garrula</span> <span class='ocrx_word' id='word_1_89' title='bbox 778 1023 883 1060; x_wconf 90' lang='lat' dir='ltr'>sedit</span> <span class='ocrx_word' id='word_1_90' title='bbox 902 1023 1036 1069; x_wconf 83' lang='lat' dir='ltr'>humo,</span> 
     </span>
    </p>

    <p class='ocr_par' dir='ltr' id='par_1_9' title="bbox 154 1085 1142 1186">
     <span class='ocr_line' id='line_1_16' title="bbox 154 1085 1142 1136; baseline 0 -13"><span class='ocrx_word' id='word_1_91' title='bbox 154 1092 297 1136; x_wconf 84' lang='lat' dir='ltr'>terque</span> <span class='ocrx_word' id='word_1_92' title='bbox 319 1087 428 1123; x_wconf 89' lang='lat' dir='ltr'>bovis</span> <span class='ocrx_word' id='word_1_93' title='bbox 449 1089 589 1122; x_wconf 87' lang='lat' dir='ltr'>niveae</span> <span class='ocrx_word' id='word_1_94' title='bbox 610 1085 811 1135; x_wconf 80' lang='lat' dir='ltr'>petulanti</span> <span class='ocrx_word' id='word_1_95' title='bbox 832 1092 995 1135; x_wconf 79' lang='lat' dir='ltr'>pectora</span> <span class='ocrx_word' id='word_1_96' title='bbox 1016 1092 1142 1123; x_wconf 89' lang='lat' dir='ltr'>rostro</span> 
     </span>
     <span class='ocr_line' id='line_1_17' title="bbox 210 1149 984 1186; baseline 0 -1"><span class='ocrx_word' id='word_1_97' title='bbox 210 1149 313 1186; x_wconf 85' lang='lat' dir='ltr'>fodit</span> <span class='ocrx_word' id='word_1_98' title='bbox 334 1155 376 1186; x_wconf 88' lang='lat' dir='ltr'>et</span> <span class='ocrx_word' id='word_1_99' title='bbox 395 1149 568 1186; x_wconf 88' lang='lat' dir='ltr'>albentis</span> <span class='ocrx_word' id='word_1_100' title='bbox 588 1149 755 1185; x_wconf 86' lang='lat' dir='ltr'>abstulit</span> <span class='ocrx_word' id='word_1_101' title='bbox 774 1162 842 1186; x_wconf 89' lang='lat' dir='ltr'>ore</span> <span class='ocrx_word' id='word_1_102' title='bbox 862 1150 984 1185; x_wconf 86' lang='lat' dir='ltr'>iubas.</span> 
     </span>
    </p>

    <p class='ocr_par' dir='ltr' id='par_1_10' title="bbox 154 1211 1202 1325">
     <span class='ocr_line' id='line_1_18' title="bbox 154 1211 1202 1262; baseline 0.001 -14"><span class='ocrx_word' id='word_1_103' title='bbox 154 1213 221 1248; x_wconf 89' lang='lat' dir='ltr'>illa</span> <span class='ocrx_word' id='word_1_104' title='bbox 241 1212 373 1248; x_wconf 89' lang='grc'><strong>10011111</strong></span> <span class='ocrx_word' id='word_1_105' title='bbox 393 1218 634 1262; x_wconf 87' lang='lat' dir='ltr'>taurumque</span> <span class='ocrx_word' id='word_1_106' title='bbox 655 1211 723 1248; x_wconf 92' lang='lat' dir='ltr'>diu</span> <span class='ocrx_word' id='word_1_107' title='bbox 745 1217 933 1248; x_wconf 85' lang='lat' dir='ltr'>cunctata</span> <span class='ocrx_word' id='word_1_108' title='bbox 953 1212 1202 1261; x_wconf 87' lang='lat' dir='ltr'>relinquit——</span> 
     </span>
     <span class='ocr_line' id='line_1_19' title="bbox 209 1275 1074 1325; baseline 0 -13"><span class='ocrx_word' id='word_1_109' title='bbox 209 1275 279 1312; x_wconf 88' lang='lat' dir='ltr'>sed</span> <span class='ocrx_word' id='word_1_110' title='bbox 300 1278 415 1325; x_wconf 82' lang='lat' dir='ltr'>niger</span> <span class='ocrx_word' id='word_1_111' title='bbox 435 1278 476 1311; x_wconf 92' lang='lat' dir='ltr'>in</span> <span class='ocrx_word' id='word_1_112' title='bbox 496 1288 639 1311; x_wconf 85' lang='lat' dir='ltr'>vaccae</span> <span class='ocrx_word' id='word_1_113' title='bbox 660 1280 823 1324; x_wconf 86' lang='lat' dir='ltr'>pectore</span> <span class='ocrx_word' id='word_1_114' title='bbox 843 1275 942 1311; x_wconf 87' lang='lat' dir='ltr'>livor</span> <span class='ocrx_word' id='word_1_115' title='bbox 962 1280 1048 1312; x_wconf 85' lang='lat' dir='ltr'>erat</span> <span class='ocrx_word' id='word_1_116' title='bbox 1066 1288 1074 1319; x_wconf 92' lang='lat'>;</span> 
     </span>
    </p>

    <p class='ocr_par' dir='ltr' id='par_1_11' title="bbox 155 1338 1170 1450">
     <span class='ocr_line' id='line_1_20' title="bbox 155 1338 1170 1388; baseline 0 -13"><span class='ocrx_word' id='word_1_117' title='bbox 155 1343 281 1388; x_wconf 84' lang='lat' dir='ltr'>utque</span> <span class='ocrx_word' id='word_1_118' title='bbox 302 1338 439 1388; x_wconf 90' lang='lat' dir='ltr'>procul</span> <span class='ocrx_word' id='word_1_119' title='bbox 461 1338 561 1375; x_wconf 92' lang='lat' dir='ltr'>vidit</span> <span class='ocrx_word' id='word_1_120' title='bbox 582 1343 793 1387; x_wconf 85' lang='lat' dir='ltr'>carpentes</span> <span class='ocrx_word' id='word_1_121' title='bbox 814 1338 959 1387; x_wconf 86' lang='lat' dir='ltr'>pabula</span> <span class='ocrx_word' id='word_1_122' title='bbox 979 1343 1170 1375; x_wconf 86' lang='lat' dir='ltr'>tauros—</span> 
     </span>
     <span class='ocr_line' id='line_1_21' title="bbox 209 1400 1058 1450; baseline 0 -13"><span class='ocrx_word' id='word_1_123' title='bbox 209 1402 428 1450; x_wconf 86' lang='lat' dir='ltr'>carpebant</span> <span class='ocrx_word' id='word_1_124' title='bbox 448 1403 551 1438; x_wconf 85' lang='lat' dir='ltr'>tauri</span> <span class='ocrx_word' id='word_1_125' title='bbox 573 1400 718 1450; x_wconf 87' lang='lat' dir='ltr'>pabula</span> <span class='ocrx_word' id='word_1_126' title='bbox 738 1400 844 1438; x_wconf 88' lang='lat' dir='ltr'>laeta</span> <span class='ocrx_word' id='word_1_127' title='bbox 864 1401 1058 1450; x_wconf 89' lang='lat' dir='ltr'>procul—-</span> 
     </span>
    </p>

    <p class='ocr_par' dir='ltr' id='par_1_12' title="bbox 155 1463 1075 1576">
     <span class='ocr_line' id='line_1_22' title="bbox 155 1463 1075 1514; baseline 0.002 -15"><span class='ocrx_word' id='word_1_128' title='bbox 155 1463 249 1500; x_wconf 92' lang='lat' dir='ltr'>illuc</span> <span class='ocrx_word' id='word_1_129' title='bbox 271 1478 312 1501; x_wconf 89' lang='lat' dir='ltr'>se</span> <span class='ocrx_word' id='word_1_130' title='bbox 333 1467 465 1513; x_wconf 83' lang='lat' dir='ltr'>rapuit</span> <span class='ocrx_word' id='word_1_131' title='bbox 484 1464 755 1514; x_wconf 79' lang='lat' dir='ltr'>gregibusque</span> <span class='ocrx_word' id='word_1_132' title='bbox 776 1466 979 1501; x_wconf 86' lang='lat' dir='ltr'>inmiscuit</span> <span class='ocrx_word' id='word_1_133' title='bbox 999 1464 1075 1501; x_wconf 91' lang='lat' dir='ltr'>illis</span> 
     </span>
     <span class='ocr_line' id='line_1_23' title="bbox 210 1526 981 1576; baseline 0 -13"><span class='ocrx_word' id='word_1_134' title='bbox 210 1532 252 1563; x_wconf 89' lang='lat' dir='ltr'>et</span> <span class='ocrx_word' id='word_1_135' title='bbox 272 1530 391 1576; x_wconf 85' lang='lat' dir='ltr'>petiit</span> <span class='ocrx_word' id='word_1_136' title='bbox 411 1527 559 1563; x_wconf 81' lang='lat' dir='ltr'>herbae</span> <span class='ocrx_word' id='word_1_137' title='bbox 580 1526 783 1563; x_wconf 86' lang='lat' dir='ltr'>fertilioris</span> <span class='ocrx_word' id='word_1_138' title='bbox 803 1526 981 1563; x_wconf 89' lang='lat' dir='ltr'>humum.</span> 
     </span>
    </p>
   </div>
   <div class='ocr_carea' id='block_1_3' title="bbox 157 1590 1303 1640">
    <p class='ocr_par' dir='ltr' id='par_1_13' title="bbox 157 1590 1303 1640">
     <span class='ocr_line' id='line_1_24' title="bbox 157 1590 1303 1640; baseline 0 -15"><span class='ocrx_word' id='word_1_139' title='bbox 157 1590 232 1626; x_wconf 91' lang='lat' dir='ltr'>Dic</span> <span class='ocrx_word' id='word_1_140' title='bbox 252 1604 340 1639; x_wconf 79' lang='lat' dir='ltr'>age,</span> <span class='ocrx_word' id='word_1_141' title='bbox 363 1595 596 1635; x_wconf 77' lang='lat' dir='ltr'>nocturnae,</span> <span class='ocrx_word' id='word_1_142' title='bbox 618 1593 859 1640; x_wconf 89' lang='lat' dir='ltr'>quicumque</span> <span class='ocrx_word' id='word_1_143' title='bbox 882 1603 936 1636; x_wconf 88' lang='grc'>05,</span> <span class='ocrx_word' id='word_1_144' title='bbox 957 1592 1142 1639; x_wconf 80' lang='lat' dir='ltr'>imaginis</span> <span class='ocrx_word' id='word_1_145' title='bbox 1163 1603 1303 1639; x_wconf 81' lang='lat' dir='ltr'>augur,</span> 
     </span>
    </p>
   </div>
   <div class='ocr_carea' id='block_1_4' title="bbox 155 1652 1154 1950">
    <p class='ocr_par' dir='ltr' id='par_1_14' title="bbox 155 1652 1154 1950">
     <span class='ocr_line' id='line_1_25' title="bbox 210 1652 1143 1703; baseline 0.001 -15"><span class='ocrx_word' id='word_1_146' title='bbox 210 1653 340 1702; x_wconf 88' lang='lat' dir='ltr'>siquid</span> <span class='ocrx_word' id='word_1_147' title='bbox 361 1652 514 1689; x_wconf 87' lang='lat' dir='ltr'>habent</span> <span class='ocrx_word' id='word_1_148' title='bbox 535 1655 629 1698; x_wconf 85' lang='lat' dir='ltr'>veri,</span> <span class='ocrx_word' id='word_1_149' title='bbox 653 1656 733 1690; x_wconf 91' lang='lat' dir='ltr'>visa</span> <span class='ocrx_word' id='word_1_150' title='bbox 753 1652 849 1703; x_wconf 90' lang='lat' dir='ltr'>quid</span> <span class='ocrx_word' id='word_1_151' title='bbox 871 1655 947 1690; x_wconf 84' lang='lat' dir='ltr'>ista</span> <span class='ocrx_word' id='word_1_152' title='bbox 971 1652 1143 1689; x_wconf 86' lang='lat' dir='ltr'>ferant.”</span> 
     </span>
     <span class='ocr_line' id='line_1_26' title="bbox 155 1715 1154 1765; baseline 0 -13"><span class='ocrx_word' id='word_1_153' title='bbox 155 1715 219 1752; x_wconf 89' lang='lat' dir='ltr'>Sic</span> <span class='ocrx_word' id='word_1_154' title='bbox 241 1729 316 1765; x_wconf 81' lang='lat' dir='ltr'>ego</span> <span class='ocrx_word' id='word_1_155' title='bbox 335 1728 343 1759; x_wconf 90' lang='lat'>;</span> <span class='ocrx_word' id='word_1_156' title='bbox 373 1721 592 1752; x_wconf 86' lang='lat' dir='ltr'>nocturnae</span> <span class='ocrx_word' id='word_1_157' title='bbox 614 1719 668 1752; x_wconf 87' lang='lat' dir='ltr'>sic.</span> <span class='ocrx_word' id='word_1_158' title='bbox 689 1715 792 1752; x_wconf 89' lang='lat' dir='ltr'>dixit</span> <span class='ocrx_word' id='word_1_159' title='bbox 812 1718 996 1765; x_wconf 82' lang='lat' dir='ltr'>imaginis</span> <span class='ocrx_word' id='word_1_160' title='bbox 1016 1729 1154 1765; x_wconf 78' lang='lat' dir='ltr'>augur,</span> 
     </span>
     <span class='ocr_line' id='line_1_27' title="bbox 210 1778 1020 1827; baseline 0.001 -14"><span class='ocrx_word' id='word_1_161' title='bbox 210 1778 444 1827; x_wconf 87' lang='lat' dir='ltr'>expendens</span> <span class='ocrx_word' id='word_1_162' title='bbox 464 1781 597 1814; x_wconf 85' lang='lat' dir='ltr'>animo</span> <span class='ocrx_word' id='word_1_163' title='bbox 618 1778 775 1827; x_wconf 80' lang='lat' dir='ltr'>singula</span> <span class='ocrx_word' id='word_1_164' title='bbox 795 1778 903 1814; x_wconf 85' lang='lat' dir='ltr'>dicta</span> <span class='ocrx_word' id='word_1_165' title='bbox 923 1791 993 1815; x_wconf 90' lang='lat' dir='ltr'>suo</span> <span class='ocrx_word' id='word_1_166' title='bbox 1012 1791 1020 1814; x_wconf 90' lang='lat'><strong>:</strong></span> 
     </span>
     <span class='ocr_line' id='line_1_28' title="bbox 155 1840 1090 1887; baseline 0 -9"><span class='ocrx_word' id='word_1_167' title='bbox 155 1845 180 1862; x_wconf 84' lang='lat'><em>“</em></span> <span class='ocrx_word' id='word_1_168' title='bbox 193 1840 326 1887; x_wconf 87' lang='lat' dir='ltr'>Quem</span> <span class='ocrx_word' id='word_1_169' title='bbox 347 1847 391 1878; x_wconf 92' lang='lat' dir='ltr'>tu</span> <span class='ocrx_word' id='word_1_170' title='bbox 413 1841 627 1878; x_wconf 88' lang='lat' dir='ltr'>mobilibus</span> <span class='ocrx_word' id='word_1_171' title='bbox 648 1841 751 1877; x_wconf 86' lang='lat' dir='ltr'>foliis</span> <span class='ocrx_word' id='word_1_172' title='bbox 772 1844 897 1878; x_wconf 87' lang='lat' dir='ltr'>vitare</span> <span class='ocrx_word' id='word_1_173' title='bbox 918 1841 1090 1887; x_wconf 83' lang='lat' dir='ltr'>volebas,</span> 
     </span>
     <span class='ocr_line' id='line_1_29' title="bbox 209 1904 1024 1950; baseline 0 -10"><span class='ocrx_word' id='word_1_174' title='bbox 209 1904 279 1940; x_wconf 88' lang='lat' dir='ltr'>sed</span> <span class='ocrx_word' id='word_1_175' title='bbox 300 1904 404 1940; x_wconf 88' lang='lat' dir='ltr'>male</span> <span class='ocrx_word' id='word_1_176' title='bbox 425 1905 589 1950; x_wconf 75' lang='lat' dir='ltr'>vitabas,</span> <span class='ocrx_word' id='word_1_177' title='bbox 611 1909 744 1940; x_wconf 85' lang='lat' dir='ltr'>aestus</span> <span class='ocrx_word' id='word_1_178' title='bbox 764 1907 907 1940; x_wconf 88' lang='lat' dir='ltr'>amoris</span> <span class='ocrx_word' id='word_1_179' title='bbox 928 1909 1024 1941; x_wconf 85' lang='lat' dir='ltr'>erat.</span> 
     </span>
    </p>
   </div>
   <div class='ocr_carea' id='block_1_5' title="bbox 285 1984 1209 2017">
    <p class='ocr_par' dir='ltr' id='par_1_15' title="bbox 285 1984 1209 2017">
     <span class='ocr_line' id='line_1_30' title="bbox 285 1984 1209 2017; baseline 0.002 -2"><span class='ocrx_word' id='word_1_180' title='bbox 285 1984 295 2003; x_wconf 78' lang='lat'>1</span> <span class='ocrx_word' id='word_1_181' title='bbox 320 1984 456 2016; x_wconf 74' lang='lat' dir='ltr'>ferendi</span> <span class='ocrx_word' id='word_1_182' title='bbox 475 1985 587 2016; x_wconf 50' lang='lat' dir='ltr'>Beona</span> <span class='ocrx_word' id='word_1_183' title='bbox 614 1985 742 2016; x_wconf 78' lang='lat' dir='ltr'>ferenti</span> <span class='ocrx_word' id='word_1_184' title='bbox 760 1985 837 2017; x_wconf 79' lang='lat' dir='ltr'>Ps:</span> <span class='ocrx_word' id='word_1_185' title='bbox 863 1984 970 2016; x_wconf 84' lang='lat' dir='ltr'>feraci</span> <span class='ocrx_word' id='word_1_186' title='bbox 988 1985 1029 2017; x_wconf 90' lang='lat' dir='ltr'>L.</span> <span class='ocrx_word' id='word_1_187' title='bbox 1050 1985 1209 2017; x_wconf 74' lang='lat' dir='ltr'>lllueller.</span> 
     </span>
    </p>
   </div>
   <div class='ocr_carea' id='block_1_6' title="bbox 155 2049 232 2093">
    <p class='ocr_par' dir='ltr' id='par_1_16' title="bbox 155 2049 232 2093">
     <span class='ocr_line' id='line_1_31' title="bbox 155 2049 232 2093; baseline 0 0"><span class='ocrx_word' id='word_1_188' title='bbox 155 2049 232 2093; x_wconf 78' lang='lat'>464</span> 
     </span>
    </p>
   </div>
   <div class='ocr_carea' id='block_1_7' title="bbox 1315 249 1361 285">
    <p class='ocr_par' dir='ltr' id='par_1_17' title="bbox 1315 249 1361 285">
     <span class='ocr_line' id='line_1_32' title="bbox 1315 249 1361 285; baseline 0 0"><span class='ocrx_word' id='word_1_189' title='bbox 1315 249 1361 285; x_wconf 88' lang='lat'>10</span> 
     </span>
    </p>
   </div>
   <div class='ocr_carea' id='block_1_8' title="bbox 1315 577 1361 612">
    <p class='ocr_par' dir='ltr' id='par_1_18' title="bbox 1315 577 1361 612">
     <span class='ocr_line' id='line_1_33' title="bbox 1315 577 1361 612; baseline 0 0"><span class='ocrx_word' id='word_1_190' title='bbox 1315 577 1361 612; x_wconf 84' lang='lat'>15</span> 
     </span>
    </p>
   </div>
   <div class='ocr_carea' id='block_1_9' title="bbox 1312 1527 1362 1563">
    <p class='ocr_par' dir='ltr' id='par_1_19' title="bbox 1312 1527 1362 1563">
     <span class='ocr_line' id='line_1_34' title="bbox 1312 1527 1362 1563; baseline 0 0"><span class='ocrx_word' id='word_1_191' title='bbox 1312 1527 1362 1563; x_wconf 88' lang='lat'>30</span> 
     </span>
    </p>
   </div>
  </div>
 </body>
</html>
