1445 2297
690 68 830 105 OVID

155 180 254 212 tunc
275 188 376 220 amo,
398 179 496 211 tunc
517 174 583 211 odi
604 174 752 212 frustra
772 175 879 225 quod
899 188 1032 212 amare
1053 188 1218 213 necesse
1239 181 1301 213 est
1320 189 1328 220 3

209 252 307 283 tunc
329 259 416 295 eg0‚
439 246 509 283 sed
529 252 679 293 tecum,
700 252 882 284 mortuus
903 260 989 284 esse
1009 247 1130 284 velim
1149 248 1156 284 !
1315 248 1366 285 40

157 317 225 354 Nil
247 317 434 368 equidem
456 321 668 368 inquiram,
691 332 767 355 nec
789 332 892 369 quae
914 318 1045 356 celare
1066 320 1222 369 parabis

210 392 409 439 insequar,
432 394 474 426 et
494 388 578 425 falli
600 392 777 427 muneris
798 392 923 427 instar
944 393 1030 427 erit.

157 464 188 499 si
208 467 347 498 tamen
367 464 409 497 in
429 461 563 498 media
583 461 782 511 deprensa
802 463 999 499 tenebere
1021 462 1149 513 culpa,

212 538 254 570 et
274 533 427 571 fuerint
448 533 572 570 oculis
592 535 737 583 probra
757 534 931 571 videnda
952 537 1064 580 meis,

158 619 260 656 quae
282 607 387 643 bene
408 608 491 643 visa
509 605 608 642 mihi
629 606 793 652 fuerint,
815 607 919 643 bene
941 609 1023 644 visa
1043 613 1248 657 negato—
1319 609 1368 645 45

214 678 442 715 concedent
462 679 593 716 verbis
613 678 765 715 lumina
786 684 921 716 nostra
941 682 1031 716 tuis.

161 764 286 800 prona
306 751 379 787 tibi
400 753 505 787 vinci
527 753 760 800 cupientem
781 754 942 788 vincere
963 751 1095 801 palma
1115 757 1189 798 est,

216 826 267 860 sit
287 823 407 859 modo
429 827 452 843 “
468 836 549 859 non
570 822 648 860 feci
666 823 673 859 !
693 823 714 834 '’
737 823 872 860 dicere
892 823 1030 873 lingua
1050 837 1214 861 memor.

162 909 252 932 cum
274 896 347 932 tibi
369 897 579 944 contingat
600 893 731 932 verbis*
751 909 938 945 superare
959 896 1127 942 duobus,

217 969 293 1004 etsi
313 980 394 1003 non
416 980 544 1013 causa,
567 967 699 1005 iudice
721 970 836 1005 vince
857 969 951 1005 tuo!
1321 970 1372 1007 50

733 1132 809 1168 XV

166 1244 337 1291 QUAERE
358 1258 506 1281 novum
527 1251 674 1292 vatem,
696 1251 929 1283 tenerorum
950 1253 1080 1284 mater
1101 1248 1317 1286 Amorum!

221 1318 374 1355 raditur
395 1318 459 1355 hic
481 1319 607 1369 elegis
627 1319 770 1357 ultima
789 1327 899 1358 meta
918 1325 1018 1359 meis
1036 1336 1045 1367 ;

167 1406 266 1442 quos
287 1406 362 1442 ego
384 1396 587 1443 conposui,
611 1394 791 1445 Paeligni
811 1398 913 1433 ruris
933 1396 1173 1435 alumnus—

223 1480 298 1504 nec
318 1480 383 1504 me
404 1467 572 1505 deliciae
592 1468 820 1507 dedecuere
840 1483 1010 1508 meae—

170 1541 301 1592 siquid
322 1542 362 1579 id
384 1547 458 1588 est,
480 1556 605 1593 usque
627 1557 648 1579 a
670 1547 825 1593 proavis
846 1550 962 1583 vetus
983 1546 1132 1585 ordinis
1153 1547 1283 1594 heres,
1354 1549 1377 1585 5

225 1629 306 1652 non
327 1616 447 1653 modo
467 1616 634 1654 militiae
655 1619 817 1656 turbine
838 1618 968 1657 factus
988 1634 1122 1671 eques.

174 1690 344 1727 Mantua
366 1691 556 1740 Vergilio,
577 1692 731 1741 gaudet
753 1692 911 1730 Verona
932 1694 1090 1732 Catullo
1108 1709 1117 1740 ;

229 1764 444 1814 Paelignae
464 1765 573 1802 dicar
593 1766 719 1815 gloria
737 1770 873 1816 gentis
893 1781 981 1818 egO,

171 1852 291 1889 quam
313 1853 381 1876 sua
401 1839 565 1877 libertas
585 1841 635 1877 ad
655 1840 826 1879 honesta
845 1850 1033 1893 coegerat
1051 1858 1172 1892 arma,

228 1926 319 1950 cum
340 1917 477 1951 timuit
498 1918 621 1952 socias
642 1918 760 1952 anxia
784 1916 908 1954 Roma
926 1931 1078 1957 manus.
1331 1922 1380 1959 10

175 2035 249 2073 502
