<?xml version="1.0" encoding="UTF-8"?>
<!DOCTYPE html PUBLIC "-//W3C//DTD XHTML 1.0 Transitional//EN"
    "http://www.w3.org/TR/xhtml1/DTD/xhtml1-transitional.dtd">
<html xmlns="http://www.w3.org/1999/xhtml" xml:lang="en" lang="en">
 <head>
  <title>
</title>
<meta http-equiv="Content-Type" content="text/html;charset=utf-8" />
  <meta name='ocr-system' content='tesseract 3.04.00' />
  <meta name='ocr-capabilities' content='ocr_page ocr_carea ocr_par ocr_line ocrx_word'/>
</head>
<body>
  <div class='ocr_page' id='page_1' title='image "./heroidesamores00ovid_0050.png"; bbox 0 0 1409 2282; ppageno 0'>
   <div class='ocr_carea' id='block_1_1' title="bbox 655 84 793 122">
    <p class='ocr_par' dir='ltr' id='par_1_1' title="bbox 655 84 793 122">
     <span class='ocr_line' id='line_1_1' title="bbox 655 84 793 122; baseline -0.014 0"><span class='ocrx_word' id='word_1_1' title='bbox 655 84 793 122; x_wconf 89' lang='lat' dir='ltr'>OVID</span> 
     </span>
    </p>
   </div>
   <div class='ocr_carea' id='block_1_2' title="bbox 120 193 1327 1806">
    <p class='ocr_par' dir='ltr' id='par_1_2' title="bbox 120 193 1327 1806">
     <span class='ocr_line' id='line_1_2' title="bbox 120 193 1093 240; baseline 0 -14"><span class='ocrx_word' id='word_1_2' title='bbox 120 194 183 226; x_wconf 82' lang='lat' dir='ltr'>tot</span> <span class='ocrx_word' id='word_1_3' title='bbox 202 194 339 226; x_wconf 83' lang='lat' dir='ltr'>tamen</span> <span class='ocrx_word' id='word_1_4' title='bbox 360 193 510 227; x_wconf 83' lang='lat' dir='ltr'>amissis</span> <span class='ocrx_word' id='word_1_5' title='bbox 531 195 572 227; x_wconf 90' lang='lat' dir='ltr'>te</span> <span class='ocrx_word' id='word_1_6' title='bbox 594 193 924 240; x_wconf 79' lang='lat' dir='ltr'>conpensavimus</span> <span class='ocrx_word' id='word_1_7' title='bbox 945 204 1093 234; x_wconf 84' lang='lat' dir='ltr'>unum3</span> 
     </span>
     <span class='ocr_line' id='line_1_3' title="bbox 174 253 1037 299; baseline 0.001 -10"><span class='ocrx_word' id='word_1_8' title='bbox 174 257 219 289; x_wconf 90' lang='lat' dir='ltr'>tu</span> <span class='ocrx_word' id='word_1_9' title='bbox 241 253 438 299; x_wconf 85' lang='lat' dir='ltr'>dominus,</span> <span class='ocrx_word' id='word_1_10' title='bbox 458 258 503 290; x_wconf 93' lang='lat' dir='ltr'>tu</span> <span class='ocrx_word' id='word_1_11' title='bbox 525 256 594 298; x_wconf 85' lang='lat' dir='ltr'>vir,</span> <span class='ocrx_word' id='word_1_12' title='bbox 615 258 659 290; x_wconf 93' lang='lat' dir='ltr'>tu</span> <span class='ocrx_word' id='word_1_13' title='bbox 680 253 778 289; x_wconf 93' lang='lat' dir='ltr'>mihi</span> <span class='ocrx_word' id='word_1_14' title='bbox 799 253 922 290; x_wconf 85' lang='lat' dir='ltr'>frater</span> <span class='ocrx_word' id='word_1_15' title='bbox 942 266 1037 290; x_wconf 84' lang='lat' dir='ltr'>eras.</span> 
     </span>
     <span class='ocr_line' id='line_1_4' title="bbox 121 315 1105 366; baseline 0.002 -15"><span class='ocrx_word' id='word_1_16' title='bbox 121 320 166 352; x_wconf 90' lang='lat' dir='ltr'>tu</span> <span class='ocrx_word' id='word_1_17' title='bbox 186 315 297 361; x_wconf 84' lang='lat' dir='ltr'>mihi,</span> <span class='ocrx_word' id='word_1_18' title='bbox 319 318 468 352; x_wconf 85' lang='lat' dir='ltr'>iuratus</span> <span class='ocrx_word' id='word_1_19' title='bbox 489 329 561 365; x_wconf 86' lang='lat' dir='ltr'>per</span> <span class='ocrx_word' id='word_1_20' title='bbox 581 319 745 353; x_wconf 85' lang='lat' dir='ltr'>numina</span> <span class='ocrx_word' id='word_1_21' title='bbox 765 318 901 353; x_wconf 81' lang='lat' dir='ltr'>matris</span> <span class='ocrx_word' id='word_1_22' title='bbox 922 329 1105 366; x_wconf 79' lang='lat' dir='ltr'>aquosae,</span> 
     </span>
     <span class='ocr_line' id='line_1_5' title="bbox 176 378 869 428; baseline 0.001 -14"><span class='ocrx_word' id='word_1_23' title='bbox 176 378 275 415; x_wconf 91' lang='lat' dir='ltr'>utile</span> <span class='ocrx_word' id='word_1_24' title='bbox 297 378 457 415; x_wconf 80' lang='lat' dir='ltr'>dicebas</span> <span class='ocrx_word' id='word_1_25' title='bbox 478 381 562 428; x_wconf 90' lang='lat' dir='ltr'>ipse</span> <span class='ocrx_word' id='word_1_26' title='bbox 583 378 704 415; x_wconf 88' lang='lat' dir='ltr'>fuisse</span> <span class='ocrx_word' id='word_1_27' title='bbox 726 381 869 428; x_wconf 87' lang='lat' dir='ltr'>capi—</span> 
     </span>
     <span class='ocr_line' id='line_1_6' title="bbox 122 441 1324 491; baseline 0.001 -14"><span class='ocrx_word' id='word_1_28' title='bbox 122 441 275 478; x_wconf 87' lang='lat' dir='ltr'>scilicet</span> <span class='ocrx_word' id='word_1_29' title='bbox 295 446 352 486; x_wconf 81' lang='lat' dir='ltr'>ut,</span> <span class='ocrx_word' id='word_1_30' title='bbox 374 444 551 491; x_wconf 86' lang='lat' dir='ltr'>quamvis</span> <span class='ocrx_word' id='word_1_31' title='bbox 572 444 729 478; x_wconf 86' lang='lat' dir='ltr'>veniam</span> <span class='ocrx_word' id='word_1_32' title='bbox 749 441 900 487; x_wconf 72' lang='lat' dir='ltr'>dotata,</span> <span class='ocrx_word' id='word_1_33' title='bbox 921 442 1090 491; x_wconf 78' lang='lat' dir='ltr'><strong>repellas</strong></span> <span class='ocrx_word' id='word_1_34' title='bbox 1275 443 1324 478; x_wconf 81' lang='lat'>55</span> 
     </span>
     <span class='ocr_line' id='line_1_7' title="bbox 177 504 1074 554; baseline 0.002 -14"><span class='ocrx_word' id='word_1_35' title='bbox 177 509 220 540; x_wconf 85' lang='lat' dir='ltr'>et</span> <span class='ocrx_word' id='word_1_36' title='bbox 238 517 397 540; x_wconf 93' lang='lat' dir='ltr'>mecum</span> <span class='ocrx_word' id='word_1_37' title='bbox 418 504 546 554; x_wconf 80' lang='lat' dir='ltr'>fugias</span> <span class='ocrx_word' id='word_1_38' title='bbox 567 517 668 554; x_wconf 86' lang='lat' dir='ltr'>quae</span> <span class='ocrx_word' id='word_1_39' title='bbox 690 506 763 541; x_wconf 89' lang='lat' dir='ltr'>tibi</span> <span class='ocrx_word' id='word_1_40' title='bbox 784 504 932 541; x_wconf 82' lang='lat' dir='ltr'>dantur</span> <span class='ocrx_word' id='word_1_41' title='bbox 952 518 1047 554; x_wconf 88' lang='lat' dir='ltr'>opes</span> <span class='ocrx_word' id='word_1_42' title='bbox 1068 506 1074 542; x_wconf 72' lang='lat' dir='ltr'>l</span> 
     </span>
     <span class='ocr_line' id='line_1_8' title="bbox 123 567 1179 617; baseline 0.001 -14"><span class='ocrx_word' id='word_1_43' title='bbox 123 569 219 617; x_wconf 91' lang='lat' dir='ltr'>quin</span> <span class='ocrx_word' id='word_1_44' title='bbox 242 569 364 603; x_wconf 86' lang='lat' dir='ltr'>etiam</span> <span class='ocrx_word' id='word_1_45' title='bbox 385 567 489 603; x_wconf 83' lang='lat' dir='ltr'>fama</span> <span class='ocrx_word' id='word_1_46' title='bbox 510 572 584 612; x_wconf 82' lang='lat' dir='ltr'>est,</span> <span class='ocrx_word' id='word_1_47' title='bbox 606 581 696 604; x_wconf 93' lang='lat' dir='ltr'>cum</span> <span class='ocrx_word' id='word_1_48' title='bbox 717 570 888 604; x_wconf 84' lang='lat' dir='ltr'>crastina</span> <span class='ocrx_word' id='word_1_49' title='bbox 908 568 1066 604; x_wconf 84' lang='lat' dir='ltr'>fulserit</span> <span class='ocrx_word' id='word_1_50' title='bbox 1087 568 1179 613; x_wconf 86' lang='lat' dir='ltr'>Eos,</span> 
     </span>
     <span class='ocr_line' id='line_1_9' title="bbox 176 629 968 667; baseline 0.001 -2"><span class='ocrx_word' id='word_1_51' title='bbox 176 635 218 666; x_wconf 90' lang='lat' dir='ltr'>te</span> <span class='ocrx_word' id='word_1_52' title='bbox 240 629 335 666; x_wconf 87' lang='lat' dir='ltr'>dare</span> <span class='ocrx_word' id='word_1_53' title='bbox 356 629 550 666; x_wconf 83' lang='lat' dir='ltr'>nubiferis</span> <span class='ocrx_word' id='word_1_54' title='bbox 570 630 696 666; x_wconf 86' lang='lat' dir='ltr'>lintea</span> <span class='ocrx_word' id='word_1_55' title='bbox 716 630 819 667; x_wconf 85' lang='lat' dir='ltr'>velle</span> <span class='ocrx_word' id='word_1_56' title='bbox 844 630 968 667; x_wconf 86' lang='lat' dir='ltr'>Notis.</span> 
     </span>
     <span class='ocr_line' id='line_1_10' title="bbox 127 691 1291 742; baseline 0.001 -14"><span class='ocrx_word' id='word_1_57' title='bbox 127 691 249 738; x_wconf 84' lang='lat' dir='ltr'>Quod</span> <span class='ocrx_word' id='word_1_58' title='bbox 271 692 399 728; x_wconf 90' lang='lat' dir='ltr'>scelus</span> <span class='ocrx_word' id='word_1_59' title='bbox 421 697 465 729; x_wconf 89' lang='lat' dir='ltr'>ut</span> <span class='ocrx_word' id='word_1_60' title='bbox 486 692 647 742; x_wconf 86' lang='lat' dir='ltr'>pavidas</span> <span class='ocrx_word' id='word_1_61' title='bbox 667 696 834 729; x_wconf 79' lang='lat' dir='ltr'>miserae</span> <span class='ocrx_word' id='word_1_62' title='bbox 856 692 953 728; x_wconf 88' lang='lat' dir='ltr'>mihi</span> <span class='ocrx_word' id='word_1_63' title='bbox 974 695 1145 742; x_wconf 82' lang='lat' dir='ltr'>contigit</span> <span class='ocrx_word' id='word_1_64' title='bbox 1164 706 1291 738; x_wconf 86' lang='lat' dir='ltr'>aures,</span> 
     </span>
     <span class='ocr_line' id='line_1_11' title="bbox 181 754 1327 804; baseline 0.001 -14"><span class='ocrx_word' id='word_1_65' title='bbox 181 757 385 804; x_wconf 83' lang='lat' dir='ltr'>sanguinis</span> <span class='ocrx_word' id='word_1_66' title='bbox 406 760 528 804; x_wconf 85' lang='lat' dir='ltr'>atque</span> <span class='ocrx_word' id='word_1_67' title='bbox 549 758 671 791; x_wconf 86' lang='lat' dir='ltr'>animi</span> <span class='ocrx_word' id='word_1_68' title='bbox 692 760 833 804; x_wconf 89' lang='lat' dir='ltr'>pectus</span> <span class='ocrx_word' id='word_1_69' title='bbox 854 758 973 791; x_wconf 85' lang='lat' dir='ltr'>inane</span> <span class='ocrx_word' id='word_1_70' title='bbox 994 755 1081 792; x_wconf 87' lang='lat' dir='ltr'>fuit.</span> <span class='ocrx_word' id='word_1_71' title='bbox 1278 754 1327 791; x_wconf 84' lang='lat'>60</span> 
     </span>
     <span class='ocr_line' id='line_1_12' title="bbox 125 818 1263 868; baseline 0.002 -15"><span class='ocrx_word' id='word_1_72' title='bbox 125 818 199 854; x_wconf 85' lang='lat' dir='ltr'>ibis</span> <span class='ocrx_word' id='word_1_73' title='bbox 221 823 343 854; x_wconf 85' lang='lat' dir='ltr'>et-——o</span> <span class='ocrx_word' id='word_1_74' title='bbox 364 820 549 854; x_wconf 78' lang='lat' dir='ltr'><strong>miseram</strong></span> <span class='ocrx_word' id='word_1_75' title='bbox 568 819 696 855; x_wconf 87' lang='lat' dir='ltr'>!—cui</span> <span class='ocrx_word' id='word_1_76' title='bbox 717 832 795 863; x_wconf 81' lang='lat' dir='ltr'>me,</span> <span class='ocrx_word' id='word_1_77' title='bbox 816 818 1022 864; x_wconf 81' lang='lat' dir='ltr'>violente,l</span> <span class='ocrx_word' id='word_1_78' title='bbox 1044 818 1263 868; x_wconf 86' lang='lat' dir='ltr'>relinquis?</span> 
     </span>
     <span class='ocr_line' id='line_1_13' title="bbox 178 877 1037 927; baseline 0.001 -14"><span class='ocrx_word' id='word_1_79' title='bbox 178 880 265 927; x_wconf 93' lang='lat' dir='ltr'>quis</span> <span class='ocrx_word' id='word_1_80' title='bbox 286 877 383 914; x_wconf 92' lang='lat' dir='ltr'>mihi</span> <span class='ocrx_word' id='word_1_81' title='bbox 404 877 588 914; x_wconf 77' lang='lat' dir='ltr'>desertae</span> <span class='ocrx_word' id='word_1_82' title='bbox 609 881 707 915; x_wconf 83' lang='lat' dir='ltr'>mite</span> <span class='ocrx_word' id='word_1_83' title='bbox 728 878 911 915; x_wconf 84' lang='lat' dir='ltr'>levamen</span> <span class='ocrx_word' id='word_1_84' title='bbox 934 880 1037 915; x_wconf 84' lang='lat' dir='ltr'>erit?</span> 
     </span>
     <span class='ocr_line' id='line_1_14' title="bbox 124 939 1052 989; baseline 0.001 -13"><span class='ocrx_word' id='word_1_85' title='bbox 124 939 292 977; x_wconf 89' lang='lat' dir='ltr'>devorer</span> <span class='ocrx_word' id='word_1_86' title='bbox 311 945 419 985; x_wconf 82' lang='lat' dir='ltr'>ante,</span> <span class='ocrx_word' id='word_1_87' title='bbox 441 954 592 989; x_wconf 78' lang='lat' dir='ltr'>precor,</span> <span class='ocrx_word' id='word_1_88' title='bbox 614 942 745 977; x_wconf 89' lang='lat' dir='ltr'>subito</span> <span class='ocrx_word' id='word_1_89' title='bbox 766 941 920 978; x_wconf 86' lang='lat' dir='ltr'>telluris</span> <span class='ocrx_word' id='word_1_90' title='bbox 941 941 1052 978; x_wconf 86' lang='lat' dir='ltr'>hiatu</span> 
     </span>
     <span class='ocr_line' id='line_1_15' title="bbox 178 1003 1018 1053; baseline 0.001 -14"><span class='ocrx_word' id='word_1_91' title='bbox 178 1008 248 1040; x_wconf 90' lang='lat' dir='ltr'>aut</span> <span class='ocrx_word' id='word_1_92' title='bbox 269 1003 389 1040; x_wconf 88' lang='lat' dir='ltr'>rutilo</span> <span class='ocrx_word' id='word_1_93' title='bbox 409 1006 517 1040; x_wconf 88' lang='lat' dir='ltr'>missi</span> <span class='ocrx_word' id='word_1_94' title='bbox 539 1003 716 1040; x_wconf 84' lang='lat' dir='ltr'>fulminis</span> <span class='ocrx_word' id='word_1_95' title='bbox 738 1007 831 1053; x_wconf 80' lang='lat' dir='ltr'>igne</span> <span class='ocrx_word' id='word_1_96' title='bbox 853 1017 1018 1049; x_wconf 80' lang='lat' dir='ltr'>cremer,</span> 
     </span>
     <span class='ocr_line' id='line_1_16' title="bbox 124 1065 1325 1116; baseline 0.002 -15"><span class='ocrx_word' id='word_1_97' title='bbox 124 1078 243 1115; x_wconf 87' lang='lat' dir='ltr'>quam</span> <span class='ocrx_word' id='word_1_98' title='bbox 264 1068 349 1102; x_wconf 91' lang='lat' dir='ltr'>sine</span> <span class='ocrx_word' id='word_1_99' title='bbox 371 1079 434 1103; x_wconf 90' lang='lat' dir='ltr'>me</span> <span class='ocrx_word' id='word_1_100' title='bbox 459 1065 614 1102; x_wconf 88' lang='lat' dir='ltr'>Phthiis</span> <span class='ocrx_word' id='word_1_101' title='bbox 635 1071 849 1103; x_wconf 77' lang='lat' dir='ltr'>canescant</span> <span class='ocrx_word' id='word_1_102' title='bbox 870 1079 1040 1116; x_wconf 86' lang='lat' dir='ltr'>aequora</span> <span class='ocrx_word' id='word_1_103' title='bbox 1061 1069 1193 1113; x_wconf 54' lang='lat' dir='ltr'>remis&gt;</span> <span class='ocrx_word' id='word_1_104' title='bbox 1276 1067 1325 1103; x_wconf 82' lang='lat'>65</span> 
     </span>
     <span class='ocr_line' id='line_1_17' title="bbox 179 1127 947 1177; baseline 0.001 -13"><span class='ocrx_word' id='word_1_105' title='bbox 179 1133 221 1165; x_wconf 93' lang='lat' dir='ltr'>et</span> <span class='ocrx_word' id='word_1_106' title='bbox 242 1127 398 1165; x_wconf 86' lang='lat' dir='ltr'>videam</span> <span class='ocrx_word' id='word_1_107' title='bbox 419 1141 573 1177; x_wconf 88' lang='lat' dir='ltr'>puppes</span> <span class='ocrx_word' id='word_1_108' title='bbox 594 1132 650 1165; x_wconf 88' lang='lat' dir='ltr'>ire</span> <span class='ocrx_word' id='word_1_109' title='bbox 672 1129 811 1165; x_wconf 83' lang='lat' dir='ltr'>relicta</span> <span class='ocrx_word' id='word_1_110' title='bbox 837 1129 947 1165; x_wconf 87' lang='lat' dir='ltr'>tuas!</span> 
     </span>
     <span class='ocr_line' id='line_1_18' title="bbox 124 1191 1216 1241; baseline 0.002 -15"><span class='ocrx_word' id='word_1_111' title='bbox 124 1193 155 1227; x_wconf 87' lang='lat' dir='ltr'>si</span> <span class='ocrx_word' id='word_1_112' title='bbox 176 1191 251 1227; x_wconf 85' lang='lat' dir='ltr'>tibi</span> <span class='ocrx_word' id='word_1_113' title='bbox 272 1194 351 1226; x_wconf 84' lang='lat' dir='ltr'>iam</span> <span class='ocrx_word' id='word_1_114' title='bbox 372 1191 605 1241; x_wconf 79' lang='lat' dir='ltr'>reditusque</span> <span class='ocrx_word' id='word_1_115' title='bbox 627 1191 789 1240; x_wconf 77' lang='lat' dir='ltr'>placent</span> <span class='ocrx_word' id='word_1_116' title='bbox 810 1194 1008 1241; x_wconf 85' lang='lat' dir='ltr'>patriique</span> <span class='ocrx_word' id='word_1_117' title='bbox 1032 1191 1216 1237; x_wconf 78' lang='lat' dir='ltr'>Penates,</span> 
     </span>
     <span class='ocr_line' id='line_1_19' title="bbox 177 1254 1062 1303; baseline 0.001 -14"><span class='ocrx_word' id='word_1_118' title='bbox 177 1267 259 1290; x_wconf 89' lang='lat' dir='ltr'>non</span> <span class='ocrx_word' id='word_1_119' title='bbox 281 1267 356 1303; x_wconf 85' lang='lat' dir='ltr'>ego</span> <span class='ocrx_word' id='word_1_120' title='bbox 377 1267 464 1290; x_wconf 86' lang='lat' dir='ltr'>sum</span> <span class='ocrx_word' id='word_1_121' title='bbox 486 1254 598 1290; x_wconf 86' lang='lat' dir='ltr'>classi</span> <span class='ocrx_word' id='word_1_122' title='bbox 620 1257 772 1290; x_wconf 77' lang='lat' dir='ltr'>sarcina</span> <span class='ocrx_word' id='word_1_123' title='bbox 792 1258 937 1303; x_wconf 75' lang='lat' dir='ltr'>magna</span> <span class='ocrx_word' id='word_1_124' title='bbox 957 1259 1062 1291; x_wconf 86' lang='lat' dir='ltr'>tuae.</span> 
     </span>
     <span class='ocr_line' id='line_1_20' title="bbox 123 1319 1153 1366; baseline 0.001 -14"><span class='ocrx_word' id='word_1_125' title='bbox 123 1319 316 1353; x_wconf 88' lang='lat' dir='ltr'>victorem</span> <span class='ocrx_word' id='word_1_126' title='bbox 338 1320 493 1366; x_wconf 83' lang='lat' dir='ltr'>captiva</span> <span class='ocrx_word' id='word_1_127' title='bbox 515 1330 669 1366; x_wconf 74' lang='lat' dir='ltr'>sequar,</span> <span class='ocrx_word' id='word_1_128' title='bbox 690 1331 771 1353; x_wconf 89' lang='grc'><strong>11011</strong></span> <span class='ocrx_word' id='word_1_129' title='bbox 792 1323 918 1366; x_wconf 87' lang='lat' dir='ltr'>nupta</span> <span class='ocrx_word' id='word_1_130' title='bbox 938 1320 1153 1361; x_wconf 83' lang='lat' dir='ltr'>maritum-3</span> 
     </span>
     <span class='ocr_line' id='line_1_21' title="bbox 178 1380 1327 1430; baseline 0.002 -15"><span class='ocrx_word' id='word_1_131' title='bbox 178 1384 240 1416; x_wconf 82' lang='lat' dir='ltr'>est</span> <span class='ocrx_word' id='word_1_132' title='bbox 260 1380 371 1425; x_wconf 82' lang='lat' dir='ltr'>mihi,</span> <span class='ocrx_word' id='word_1_133' title='bbox 392 1393 493 1429; x_wconf 87' lang='lat' dir='ltr'>quae</span> <span class='ocrx_word' id='word_1_134' title='bbox 515 1380 624 1417; x_wconf 86' lang='lat' dir='ltr'>lanas</span> <span class='ocrx_word' id='word_1_135' title='bbox 645 1381 812 1426; x_wconf 75' lang='lat' dir='ltr'>molliat,</span> <span class='ocrx_word' id='word_1_136' title='bbox 833 1386 926 1430; x_wconf 86' lang='lat' dir='ltr'>apta</span> <span class='ocrx_word' id='word_1_137' title='bbox 947 1394 1097 1417; x_wconf 83' lang='lat' dir='ltr'>manus.</span> <span class='ocrx_word' id='word_1_138' title='bbox 1277 1380 1327 1417; x_wconf 80' lang='lat'>70</span> 
     </span>
     <span class='ocr_line' id='line_1_22' title="bbox 124 1442 1096 1493; baseline 0.001 -15"><span class='ocrx_word' id='word_1_139' title='bbox 124 1445 231 1479; x_wconf 83' lang='lat' dir='ltr'>inter</span> <span class='ocrx_word' id='word_1_140' title='bbox 252 1442 499 1479; x_wconf 80' lang='lat' dir='ltr'>Achaeiadas</span> <span class='ocrx_word' id='word_1_141' title='bbox 520 1443 640 1492; x_wconf 83' lang='lat' dir='ltr'>longe</span> <span class='ocrx_word' id='word_1_142' title='bbox 662 1443 929 1493; x_wconf 84' lang='lat' dir='ltr'>pulcherrima</span> <span class='ocrx_word' id='word_1_143' title='bbox 949 1449 1096 1480; x_wconf 86' lang='lat' dir='ltr'>matres</span> 
     </span>
     <span class='ocr_line' id='line_1_23' title="bbox 179 1505 1019 1556; baseline 0.002 -15"><span class='ocrx_word' id='word_1_144' title='bbox 179 1508 220 1541; x_wconf 91' lang='lat' dir='ltr'>in</span> <span class='ocrx_word' id='word_1_145' title='bbox 241 1505 437 1542; x_wconf 87' lang='lat' dir='ltr'>thalamos</span> <span class='ocrx_word' id='word_1_146' title='bbox 458 1509 631 1542; x_wconf 84' lang='lat' dir='ltr'>coniunx</span> <span class='ocrx_word' id='word_1_147' title='bbox 652 1507 727 1543; x_wconf 86' lang='lat' dir='ltr'>ibit</span> <span class='ocrx_word' id='word_1_148' title='bbox 748 1512 894 1556; x_wconf 84' lang='lat' dir='ltr'>eatque</span> <span class='ocrx_word' id='word_1_149' title='bbox 916 1512 1019 1552; x_wconf 79' lang='lat' dir='ltr'>tuos,</span> 
     </span>
     <span class='ocr_line' id='line_1_24' title="bbox 125 1568 1153 1619; baseline 0.002 -15"><span class='ocrx_word' id='word_1_150' title='bbox 125 1568 248 1618; x_wconf 86' lang='lat' dir='ltr'>digna</span> <span class='ocrx_word' id='word_1_151' title='bbox 268 1582 390 1605; x_wconf 86' lang='lat' dir='ltr'>nurus</span> <span class='ocrx_word' id='word_1_152' title='bbox 412 1582 560 1613; x_wconf 79' lang='lat' dir='ltr'>socero,</span> <span class='ocrx_word' id='word_1_153' title='bbox 584 1569 686 1606; x_wconf 86' lang='lat' dir='ltr'>Iovis</span> <span class='ocrx_word' id='word_1_154' title='bbox 708 1569 970 1619; x_wconf 78' lang='lat' dir='ltr'>Aeginaeque</span> <span class='ocrx_word' id='word_1_155' title='bbox 991 1575 1153 1618; x_wconf 84' lang='lat' dir='ltr'>nepote,</span> 
     </span>
     <span class='ocr_line' id='line_1_25' title="bbox 180 1632 1083 1681; baseline 0.001 -14"><span class='ocrx_word' id='word_1_156' title='bbox 180 1633 323 1680; x_wconf 89' lang='lat' dir='ltr'>cuique</span> <span class='ocrx_word' id='word_1_157' title='bbox 344 1644 467 1668; x_wconf 79' lang='lat' dir='ltr'>senex</span> <span class='ocrx_word' id='word_1_158' title='bbox 489 1632 644 1669; x_wconf 88' lang='lat' dir='ltr'>Nereus</span> <span class='ocrx_word' id='word_1_159' title='bbox 665 1645 849 1681; x_wconf 84' lang='lat' dir='ltr'>prosocer</span> <span class='ocrx_word' id='word_1_160' title='bbox 870 1645 954 1669; x_wconf 86' lang='lat' dir='ltr'>esse</span> <span class='ocrx_word' id='word_1_161' title='bbox 977 1632 1083 1669; x_wconf 87' lang='lat' dir='ltr'>velit.</span> 
     </span>
     <span class='ocr_line' id='line_1_26' title="bbox 124 1693 1326 1744; baseline 0.002 -15"><span class='ocrx_word' id='word_1_162' title='bbox 124 1707 195 1730; x_wconf 89' lang='lat' dir='ltr'>nos</span> <span class='ocrx_word' id='word_1_163' title='bbox 211 1693 383 1730; x_wconf 89' lang='lat' dir='ltr'>humiles</span> <span class='ocrx_word' id='word_1_164' title='bbox 400 1694 653 1744; x_wconf 83' lang='lat' dir='ltr'>famulaeque</span> <span class='ocrx_word' id='word_1_165' title='bbox 670 1700 763 1732; x_wconf 79' lang='lat' dir='ltr'>tuae</span> <span class='ocrx_word' id='word_1_166' title='bbox 780 1695 874 1732; x_wconf 84' lang='lat' dir='ltr'>data</span> <span class='ocrx_word' id='word_1_167' title='bbox 890 1708 1013 1744; x_wconf 89' lang='lat' dir='ltr'>pensa</span> <span class='ocrx_word' id='word_1_168' title='bbox 1028 1694 1246 1740; x_wconf 83' lang='lat' dir='ltr'>trahemus,</span> <span class='ocrx_word' id='word_1_169' title='bbox 1278 1694 1326 1732; x_wconf 81' lang='lat'>75</span> 
     </span>
     <span class='ocr_line' id='line_1_27' title="bbox 179 1757 1075 1806; baseline 0 -13"><span class='ocrx_word' id='word_1_170' title='bbox 179 1761 222 1793; x_wconf 90' lang='lat' dir='ltr'>et</span> <span class='ocrx_word' id='word_1_171' title='bbox 242 1759 429 1793; x_wconf 86' lang='lat' dir='ltr'>minuent</span> <span class='ocrx_word' id='word_1_172' title='bbox 449 1757 589 1806; x_wconf 91' lang='lat' dir='ltr'>plenos</span> <span class='ocrx_word' id='word_1_173' title='bbox 611 1761 781 1794; x_wconf 85' lang='lat' dir='ltr'>stamina</span> <span class='ocrx_word' id='word_1_174' title='bbox 802 1763 937 1794; x_wconf 84' lang='lat' dir='ltr'>nostra</span> <span class='ocrx_word' id='word_1_175' title='bbox 959 1757 1075 1794; x_wconf 88' lang='lat' dir='ltr'>colos.</span> 
     </span>
    </p>
   </div>
   <div class='ocr_carea' id='block_1_3' title="bbox 590 1850 891 1882">
    <p class='ocr_par' dir='ltr' id='par_1_3' title="bbox 590 1850 891 1882">
     <span class='ocr_line' id='line_1_28' title="bbox 590 1850 891 1882; baseline 0 -1"><span class='ocrx_word' id='word_1_176' title='bbox 590 1850 599 1868; x_wconf 88' lang='lat'>¹</span> <span class='ocrx_word' id='word_1_177' title='bbox 625 1854 664 1881; x_wconf 83' lang='lat' dir='ltr'>tu</span> <span class='ocrx_word' id='word_1_178' title='bbox 682 1850 777 1882; x_wconf 83' lang='lat' dir='ltr'>lente</span> <span class='ocrx_word' id='word_1_179' title='bbox 796 1851 891 1882; x_wconf 60' lang='lat' dir='ltr'>Beni.</span> 
     </span>
    </p>
   </div>
   <div class='ocr_carea' id='block_1_4' title="bbox 192 1944 1250 2030">
    <p class='ocr_par' dir='ltr' id='par_1_4' title="bbox 192 1944 1250 2030">
     <span class='ocr_line' id='line_1_29' title="bbox 192 1944 1204 1986; baseline 0 -11"><span class='ocrx_word' id='word_1_180' title='bbox 192 1951 207 1963; x_wconf 70' lang='lat'>‘⁶</span> <span class='ocrx_word' id='word_1_181' title='bbox 231 1944 366 1982; x_wconf 85' lang='lat' dir='ltr'>Peleus,</span> <span class='ocrx_word' id='word_1_182' title='bbox 387 1955 447 1975; x_wconf 85' lang='lat' dir='ltr'>son</span> <span class='ocrx_word' id='word_1_183' title='bbox 465 1944 501 1976; x_wconf 83' lang='lat' dir='ltr'>of</span> <span class='ocrx_word' id='word_1_184' title='bbox 518 1946 664 1983; x_wconf 79' lang='lat' dir='ltr'>Aeacus,</span> <span class='ocrx_word' id='word_1_185' title='bbox 685 1956 744 1976; x_wconf 86' lang='lat' dir='ltr'>sou</span> <span class='ocrx_word' id='word_1_186' title='bbox 762 1945 798 1976; x_wconf 90' lang='lat' dir='ltr'>of</span> <span class='ocrx_word' id='word_1_187' title='bbox 814 1945 957 1986; x_wconf 82' lang='lat' dir='ltr'>Jupiter</span> <span class='ocrx_word' id='word_1_188' title='bbox 972 1944 1041 1976; x_wconf 79' lang='lat' dir='ltr'>aud</span> <span class='ocrx_word' id='word_1_189' title='bbox 1059 1945 1204 1986; x_wconf 81' lang='lat' dir='ltr'>Aegina..</span> 
     </span>
     <span class='ocr_line' id='line_1_30' title="bbox 192 1987 1250 2030; baseline 0.002 -12"><span class='ocrx_word' id='word_1_190' title='bbox 192 1988 203 2007; x_wconf 71' lang='lat'>²²</span> <span class='ocrx_word' id='word_1_191' title='bbox 228 1988 360 2027; x_wconf 72' lang='lat' dir='ltr'>Thetis,</span> <span class='ocrx_word' id='word_1_192' title='bbox 382 1988 519 2019; x_wconf 74' lang='lat' dir='ltr'>mother</span> <span class='ocrx_word' id='word_1_193' title='bbox 536 1988 571 2019; x_wconf 82' lang='lat' dir='ltr'>of</span> <span class='ocrx_word' id='word_1_194' title='bbox 589 1989 754 2027; x_wconf 86' lang='lat' dir='ltr'>Achilles,</span> <span class='ocrx_word' id='word_1_195' title='bbox 774 2000 844 2020; x_wconf 80' lang='lat' dir='ltr'>was</span> <span class='ocrx_word' id='word_1_196' title='bbox 862 1989 1036 2030; x_wconf 81' lang='lat' dir='ltr'>daughter</span> <span class='ocrx_word' id='word_1_197' title='bbox 1053 1988 1089 2019; x_wconf 84' lang='lat' dir='ltr'>of</span> <span class='ocrx_word' id='word_1_198' title='bbox 1105 1987 1250 2020; x_wconf 84' lang='lat' dir='ltr'>Nereus.</span> 
     </span>
    </p>
   </div>
   <div class='ocr_carea' id='block_1_5' title="bbox 132 2051 180 2097">
    <p class='ocr_par' dir='ltr' id='par_1_5' title="bbox 132 2051 180 2097">
     <span class='ocr_line' id='line_1_31' title="bbox 132 2051 180 2097; baseline 0 -12"><span class='ocrx_word' id='word_1_199' title='bbox 132 2051 180 2097; x_wconf 88' lang='lat'>36</span> 
     </span>
    </p>
   </div>
  </div>
 </body>
</html>
