1445 2297
687 62 827 100 OVlD

157 171 299 208 Ulmus
318 175 426 207 amat
447 173 582 213 vitem,
606 172 696 206 vitis
717 182 797 204 uon
817 169 968 205 (leserit
990 168 1140 204 ulmum
1161 181 1169 211 ;

208 244 369 280 separor
388 245 410 266 a
430 230 592 267 domina
613 243 682 266 cur
703 243 778 278 ego
799 243 917 278 saepe
938 230 1055 265 mea?

154 297 196 328 at
215 291 313 327 mihi
335 296 376 327 te
398 293 586 327 comitem
608 293 755 326 iuraras
778 288 1154 339 usquesfuturam—

209 365 280 401 per
300 365 364 387 me
386 364 537 400 perque
559 350 705 395 oculos,
728 350 858 387 sidera
879 355 1027 394 nostra,
1048 354 1138 386 tuos
1157 350 1163 385 !

155 413 275 448 verba
295 411 532 461 puellarum,
553 410 658 447 foliis
678 410 825 447 leviora
847 410 1018 455 caducis,
1309 409 1358 445 45

208 475 339 517 inrita,
363 485 440 521 qua
460 474 587 507 visum
608 476 682 516 est,
705 475 849 507 ventus
871 475 913 506 et
935 470 1042 506 unda
1064 468 1212 505 ferunt.

155 532 275 582 Siqua
296 534 377 568 mei
396 537 535 568 tamen
557 536 618 567 est
639 533 679 566 in
701 536 742 567 te
764 533 828 580 pia
850 543 942 566 cura
964 530 1107 575 relicti,

208 595 340 641 inc-ipe
362 591 550 641 pollicitis
570 590 720 627 addere
743 590 848 627 facta
869 593 962 635 tuis,

155 665 355 702 parvaque
377 654 672 702 quamprimum
694 651 943 700 rapientibus
964 650 1104 687 esseda
1125 653 1281 687 mannis

209 715 294 761 ipsa
314 725 386 761 per
405 711 597 748 admissas
618 716 787 748 concute
809 711 892 747 lora
913 712 1026 747 iubas
1044 711 1051 747 l
1309 711 1360 746 50

154 777 197 809 at
216 785 296 818 vos,
317 786 396 822 qua
416 774 566 817 veniet,
586 771 746 817 tumidi,
768 770 977 816 subsidite,
999 775 1172 816 montes,

209 838 252 870 et
271 832 409 870 faciles
430 835 557 869 curvis
577 831 746 868 vallibus
768 837 867 876 este,
889 833 974 868 viae
991 832 997 867 1

698 1038 814 1074 XVII

154 1139 283 1181 SIQUIS
304 1141 393 1183 erit,
415 1141 482 1188 qui
502 1143 619 1187 turpe
641 1143 759 1187 putet
779 1140 926 1174 servire
947 1137 1118 1186 puellae,

209 1194 276 1230 illo
297 1196 509 1229 convincar
529 1192 660 1228 iudice
680 1195 808 1242 turpis
830 1205 905 1241 ego
923 1193 930 1228 1

155 1252 229 1285 sim
250 1249 346 1285 licet
366 1247 536 1292 infamis,
559 1247 654 1283 dum
676 1260 740 1283 me
761 1247 1006 1283 moderatius
1027 1252 1128 1287 urat,

209 1316 311 1352 quae
334 1301 499 1351 Paphon
520 1307 562 1338 et
582 1301 704 1337 fluctu
726 1301 840 1350 pulsa
861 1300 1036 1354 Cythera
1058 1306 1185 1338 tenet.

155 1362 277 1407 atque
300 1359 453 1393 utinam
474 1356 660 1392 dominae
682 1358 770 1392 miti
791 1368 950 1405 quoque
971 1355 1119 1404 praeda
1140 1355 1304 1392 fuissem
1336 1357 1357 1391 5

210 1411 405 1447 formosae
427 1413 615 1460 quoniam
636 1410 784 1459 praeda
805 1409 963 1446 futurus
984 1423 1092 1446 eram
1109 1411 1115 1446 Ι

155 1465 226 1502 dat
245 1466 367 1502 facies
387 1468 550 1501 animos.
610 1464 710 1501 facie
733 1464 909 1500 violenta
930 1463 1102 1500 Corinna
1122 1469 1237 1501 est-—-

209 1533 274 1556 1116
294 1522 485 1556 miserum
505 1520 511 1555 l
541 1532 611 1555 6111·
631 1524 693 1555 est
713 1524 795 1555 tam
817 1519 920 1555 bene
941 1523 1037 1555 nota
1058 1519 1160 1555 sibi?

156 1574 309 1611 seilicet
328 1588 350 1610 a
371 1573 521 1623 speculi
543 1578 755 1610 sumuntur
776 1575 950 1621 imagine
971 1572 1108 1617 fastus,

209 1642 285 1665 nec
306 1630 381 1664 nisi
402 1630 649 1676 conpositam
671 1640 712 1663 se
734 1630 842 1676 prius
863 1627 930 1662 illa
950 1626 1083 1663 videt!
1310 1627 1357 1663 1Ο

156 1683 262 1728 Νο11,
282 1683 355 1719 tibi
377 1685 407 1719 si
428 1681 549 1718 facies
569 1684 746 1717 animum
764 1682 775 1704 1
798 1681 868 1717 dat
888 1686 930 1717 et
950 1684 1082 1717 omina
1096 1681 1110 1704 ²
1130 1684 1299 1730 regni—

209 1751 231 1773 o
252 1736 374 1773 facies
395 1735 529 1772 oculos
550 1741 645 1772 nata
664 1741 806 1772 tenere
827 1749 937 1772 meos
955 1736 1019 1772 l—

154 1791 343 1828 collatum
365 1790 512 1827 idcirco
531 1791 605 1826 tibi
625 1803 689 1826 me
711 1795 970 1826 contemnere
991 1789 1115 1826 debes
1132 1802 1140 1833 3

208 1848 336 1895 aptari
355 1847 511 1894 magnis
530 1844 717 1880 inferiora
737 1844 843 1880 licet.

374 1923 383 1941 ¹
409 1925 565 1955 animum
584 1923 661 1962 P(?)
678 1937 691 1955 ς
707 1937 713 1955 t
740 1924 886 1954 nimium
907 1923 992 1962 rulgs.

372 1967 384 1986 ‘2
409 1968 452 1999 So
472 1967 568 1999 Owen
586 1980 591 1998 2
620 1968 760 1998 uomina
781 1967 832 1998 Ps
849 1980 855 1998 :
881 1967 916 1997 in
934 1967 1050 1998 omnia
1068 1966 1155 2007 vulfs.
