1409 2282
689 101 828 139 OVID

156 206 358 257 dignaque
379 221 466 244 sum
485 212 528 244 et
548 210 664 256 cupio
685 206 768 243 fieri
789 211 971 243 matrona
991 209 1170 256 potentis
1189 219 1197 250 ;
1310 207 1359 243 85

210 278 304 310 sunt
323 273 433 318 mihi,
455 286 550 323 quas
572 275 725 322 possint
745 277 901 321 sceptra
921 272 1078 317 decere,
1099 285 1249 309 manus.

155 351 231 375 nec
252 352 330 384 me,
352 338 512 387 faginea
532 338 639 388 quod
659 343 795 374 tecum
816 337 957 374 fronde
979 338 1169 383 iacebam,

209 404 371 453 despice
390 417 398 448 3
428 417 629 453 purpureo
650 417 736 440 sum
757 407 882 453 magis
903 409 996 453 apta
1016 409 1113 440 toro.

158 469 344 519 Denique
365 475 477 506 tutus
498 482 607 505 amor
627 482 739 506 meus
761 474 822 506 est
838 482 846 513 ;
875 470 950 505 tibi
970 469 1080 505 nulla
1100 473 1291 518 parantur

212 535 329 581 bella,
351 548 426 571 nec
448 535 610 572 ultrices
631 534 795 571 advehit
815 534 922 571 unda
943 539 1058 571 rates.
1308 534 1358 571 90

155 600 350 650 Tyndaris
372 600 528 638 infestis
548 600 717 650 fugitiva
738 603 960 650 reposcitur
979 603 1096 636 armis
1116 613 1124 644 ;

208 666 281 702 hac
302 669 414 703 venit
434 669 474 702 in
495 666 691 703 thalamos
712 666 807 702 dote
828 666 999 715 superba
1018 671 1118 702 tuos.

154 745 256 782 quae
277 734 309 768 si
329 735 380 768 sit
403 732 550 768 Danais
572 731 791 776 reddenda,
812 731 874 767 vel
898 731 1077 767 Hectora
1097 730 1275 776 fratrem,

207 798 270 835 vel
292 812 382 835 cum
404 797 617 847 Deiphobo
639 797 927 847 Polydamanta
948 810 1043 846 roga
1061 810 1069 841 ;

154 863 250 913 quid
272 866 401 913 gravis
423 862 620 908 Antenor,
644 862 821 899 Priamus
843 862 938 912 quid
959 862 1125 899 suadeat
1146 865 1243 911 ipse,
1303 861 1352 897 95

208 928 384 974 consule,
405 931 491 978 quis
512 933 621 965 aetas
642 928 762 977 longa
783 931 974 977 magistra
993 927 1071 964 fuit
1088 928 1094 964 l
1112 928 1123 951 1

153 999 270 1043 turpe
293 994 581 1039 rudimentum,
603 996 754 1042 patriae
776 1006 1022 1042 praeponere
1043 999 1209 1043 raptam,

206 1073 321 1097 causa
342 1059 531 1109 pudenda
551 1065 621 1096 tua
649 1064 734 1103 est,
764 1062 867 1096 iusta
886 1061 944 1095 vir
963 1072 1070 1095 arma
1089 1064 1234 1096 movet.

153 1126 189 1161 N
194 1139 239 1162 ec
259 1127 346 1171 tibi,
364 1128 397 1179 si
419 1128 558 1174 sapias,
579 1125 697 1161 fidam
718 1127 909 1174 promitte
931 1124 1166 1170 Lacaenam,

207 1204 308 1241 quae
330 1194 381 1227 sit
401 1194 442 1227 in
463 1190 669 1239 amplexus
690 1196 774 1227 tam
795 1193 874 1226 cito
894 1203 1006 1226 versa
1026 1196 1126 1227 tuos.
1280 1189 1354 1226 100

152 1262 198 1293 ut
218 1260 347 1293 minor
369 1256 531 1293 Atrides
552 1259 739 1292 temerati
760 1255 924 1292 foedera
944 1256 1039 1293 lecti

207 1322 352 1358 clamat
374 1327 416 1358 et
437 1326 605 1358 externo
625 1321 754 1357 laesus
775 1334 908 1358 amore
929 1321 1053 1367 dolet,

151 1393 196 1425 tu
217 1401 375 1438 quoque
397 1387 594 1424 clamabis.
654 1387 763 1423 nulla
784 1387 1013 1436 reparabilis
1033 1392 1119 1424 arte

205 1453 311 1490 laesa
333 1453 525 1502 pudicitia
543 1458 604 1489 est
623 1465 630 1496 3
660 1453 819 1501 deperit
840 1452 905 1488 illa
926 1453 1061 1489 semel.

150 1519 265 1555 ardet
285 1532 418 1555 amore
438 1519 526 1554 tui?
584 1521 637 1554 sic
659 1523 701 1554 et
722 1518 938 1554 Menelaon
958 1521 1115 1555 amavit.
1278 1518 1352 1554 105

205 1598 312 1620 nunc
333 1587 437 1620 iacet
457 1586 497 1619 in
520 1583 639 1620 viduo
660 1583 844 1620 credulus
866 1583 931 1620 ille
953 1589 1051 1620 toro.

151 1649 245 1686 felix
268 1648 563 1694 Andromache,
584 1654 694 1685 certo
714 1650 818 1686 bene
839 1654 964 1698 nupta
984 1652 1126 1686 marito
1145 1650 1151 1686 !

205 1728 303 1751 uxor
323 1715 373 1751 ad
395 1714 625 1763 exemplum
646 1714 778 1750 fratris
800 1714 985 1751 habenda
1007 1715 1088 1758 fui3

150 1786 195 1817 tu
216 1780 340 1817 levior
360 1780 477 1825 foliis,
498 1785 586 1817 tum
607 1794 697 1817 cum
719 1783 803 1817 sine
825 1781 1003 1829 pondere
1025 1784 1107 1817 suci

204 1846 417 1882 mobilibus
439 1849 569 1882 ventis
590 1845 699 1882 arida
720 1845 824 1882 facta
845 1846 981 1882 volant
999 1859 1007 1889 ;
1275 1845 1350 1882 110

367 1924 377 1943 ¹
403 1925 503 1956 From
523 1925 562 1958 97
581 1930 611 1956 to
636 1925 695 1965 VI,
714 1927 754 1956 49
771 1936 829 1956 are
849 1925 986 1966 missing]
1005 1925 1036 1956 in
1056 1925 1097 1957 P.

279 2009 295 2022 ‘¹
319 2001 363 2035 Of
379 2003 433 2034 his
450 2013 568 2034 career
583 2014 621 2034 as
638 2014 657 2034 a
674 2004 805 2044 princ-e,
826 2003 919 2035 after
935 2003 989 2035 his
1007 2004 1232 2045 recognition.

151 2072 201 2116 64
