1409 2282
656 91 795 130 OVID

123 212 244 248 quem
265 211 383 247 supra
402 211 530 234 ramos
552 197 746 246 expandit
765 199 949 246 aquatica
968 197 1083 242 lotos,

177 275 255 298 una
276 274 441 305 nemus3
470 266 612 297 tenero
633 262 809 308 caespite
829 265 937 296 terra
957 262 1070 296 viret.
1252 259 1327 296 160

124 323 189 360 hic
210 337 286 373 ego
307 337 398 360 cum
418 323 539 360 lassos
560 325 780 372 posuissem
800 322 941 359 flebilis
954 323 967 346 1
988 328 1110 368 artus,

177 390 360 424 constitit
379 392 474 423 ante
495 386 629 423 oculos
651 386 770 421 Naias
790 399 869 422 una
888 399 1009 422 meos.

122 453 305 487 constitit
325 455 367 487 et
387 450 511 487 dixit:
544 451 767 499 “quoniam
789 462 869 484 non
889 450 1048 498 ignibus
1068 451 1204 499 aequis

176 516 314 558 ureris,
336 513 547 549 Ambracia
568 517 630 548 est
649 517 755 548 terra
775 511 953 560 petenda
972 512 1056 548 tibi.

125 575 308 613 Phoebus
350 577 400 612 ab
443 575 613 621 excelso,
662 579 857 624 quantum
904 580 1031 624 patet,
1078 574 1248 624 adspicit

229 651 432 688 aequor—
1255 638 1328 674 165

176 701 387 737 Actiacum
408 700 544 750 populi
567 701 894 751 Leucadiumque
915 705 1069 737 vocant.

122 760 216 797 hinc
237 774 278 797 se
300 761 522 797 Deucalion
545 760 720 811 Pyrrhae
740 774 953 799 succensus
973 773 1107 797 amore

175 826 295 869 misit,
317 828 359 860 et
379 823 530 860 inlaeso
551 837 716 873 corpore
737 827 883 874 pressit
903 837 1035 874 aquas.

123 899 198 922 nec
219 900 342 932 mora,
363 900 498 924 versus
518 901 629 923 amor
648 887 754 938 fugit
768 888 782 911 2
802 888 1023 925 lentissima
1046 886 1219 936 Pyrrhae

174 954 349 998 pectora,
374 948 597 986 Deucalion
618 952 712 999 igne
733 950 889 987 levatus
911 955 1007 986 erat.
1188 948 1197 958 ¹
1253 948 1327 987 170

122 1010 225 1047 hanc
246 1011 381 1061 legem
401 1012 511 1048 locus
532 1012 598 1048 ille
620 1018 746 1050 tenet.
806 1018 901 1062 pete
921 1015 1104 1062 protinus
1123 1012 1246 1049 altam

176 1074 362 1111 Leucada
383 1088 457 1111 nec
478 1088 571 1111 saxo
592 1075 800 1113 desiluisse
821 1067 919 1113 tl’me
936 1076 978 1112 1⁷¹

123 1134 181 1171 Ut
200 1138 370 1180 monuit,
393 1148 483 1172 cum
505 1148 600 1172 voce
621 1137 720 1173 abiit
738 1149 746 1181 ;
777 1150 852 1186 ego
873 1139 1013 1173 territa
1033 1149 1164 1185 surgo,

174 1207 249 1231 nec
270 1194 450 1231 lacrimas
471 1195 576 1232 oculi
597 1199 834 1233 continuere
854 1196 966 1233 mei.3

122 1255 279 1300 ibimus,
301 1268 323 1291 o
344 1255 536 1305 nymphe,
558 1262 860 1307 monstrataque
882 1270 973 1293 saxa
993 1262 1179 1306 petemus
1199 1269 1207 1300 3
1250 1255 1323 1294 175

175 1318 227 1351 sit
247 1315 384 1364 procul
405 1319 545 1352 insano
565 1319 693 1353 victus
714 1330 847 1354 amore
868 1320 988 1354 timor
1005 1318 1012 1353 ἕ

120 1375 315 1425 quidquid
331 1379 419 1421 erit,
433 1376 576 1413 melius
590 1390 707 1426 quam
726 1391 832 1414 nunc
849 1380 925 1414 erit
942 1379 948 1414 l
969 1390 1074 1422 aura,
1090 1377 1221 1413 subito
1237 1389 1244 1420 ;

174 1441 216 1472 et
236 1449 325 1472 mea
346 1450 427 1472 non
447 1450 639 1485 magnum
660 1450 823 1487 corpora
843 1437 999 1487 pondus
1021 1437 1183 1473 habent.

122 1500 162 1532 tu
185 1509 356 1546 quoque,
377 1496 507 1533 mollis
528 1497 664 1542 Amor,
686 1511 839 1546 pennas
859 1511 1039 1547 suppone
1061 1497 1234 1543 cadenti,

174 1569 224 1592 ne
246 1559 320 1592 sim
342 1557 567 1593 Leucadiae
588 1563 745 1594 mortua
766 1561 917 1594 crimen
938 1571 1063 1607 aquae
1084 1559 1091 1594 l
1251 1558 1325 1594 180

119 1615 214 1652 inde
235 1616 382 1666 chelyn
406 1616 580 1662 Phoebo,
601 1620 826 1654 communia
846 1631 1024 1663 munera,
1046 1631 1204 1667 ponam,

174 1682 215 1713 et
236 1677 309 1713 sub
330 1690 376 1713 ea
397 1690 532 1713 versus
553 1691 655 1714 unus
676 1683 718 1714 et
738 1678 840 1714 alter
860 1684 1002 1715 erunt:

119 1777 249 1800 GRATA
270 1777 405 1801 LYRAM
427 1777 536 1801 POSUI
557 1777 649 1811 TIBI,
671 1778 835 1811 PHOEBE,
857 1778 1025 1802 POETRIA
1046 1779 1215 1803 SAPPHO:

173 1831 370 1855 CONVENIT
391 1832 476 1856 ILLA
496 1831 601 1866 MIHI,
623 1832 819 1856 CONVENIT
839 1833 924 1856 ILLA
945 1833 1034 1857 TIBI.

163 1905 173 1924 ¹
198 1905 339 1938 fletibus
357 1919 381 1938 ς.

163 1949 176 1968 ²
199 1949 292 1992 fugit,
310 1950 385 1983 Fs:
412 1950 533 1992 tetigit
550 1965 572 1982 ω
591 1951 712 1983 IIein.:
738 1951 815 1994 figit
834 1964 847 1984 s
864 1952 916 1983 De
942 1951 1046 1984 Vries.

162 1992 175 2012 ³
198 1993 243 2025 So
261 1993 293 2025 F
302 2007 308 2026 ι
336 2005 398 2025 nec
415 1993 581 2035 gravidae
598 1994 759 2027 lacrimas
776 1996 981 2027 continuere
998 2007 1107 2038 genae
1125 1995 1245 2027 others.

127 2068 197 2103 192
