1409 2282
641 81 780 119 OVID

110 187 176 223 illa
196 186 374 224 refrenat
396 200 517 237 aquas
537 187 778 237 obliquaque
799 187 961 224 flumina
981 190 1086 225 sistit
1104 201 1112 232 ;

165 252 234 288 illa
254 252 340 289 loco
361 252 476 289 silvas
496 255 663 302 vivaque
684 265 777 289 saxa
795 257 941 290 movet.

112 331 183 367 per
202 317 378 354 tumulos
400 322 505 354 errat
525 320 647 367 passis
668 317 862 354 discincta
884 318 1035 368 capillis

164 388 354 433 certaque
375 383 426 420 de
447 382 595 432 tepidis
617 382 770 432 colligit
790 396 877 420 ossa
896 386 1013 433 rogis.
1263 385 1313 422 90

111 449 284 486 devovet
303 449 481 486 absentis
502 448 789 498 simulacraque
811 462 925 485 cerea
945 448 1045 498 figit,

164 520 206 551 et
226 517 415 551 miserum
435 516 568 551 tenuis
589 516 630 550 in
649 516 759 550 iecur
779 519 898 563 urget
918 527 1065 551 acus—

110 585 152 617 et
173 593 275 630 quae
295 582 505 616 nescierim
526 579 679 616 melius.
738 579 843 617 male
864 582 1068 630 quaeritur
1087 580 1220 617 herbis

161 646 337 682 moribus
358 650 400 682 et
420 645 547 681 forma
567 645 838 682 conciliandus
859 659 977 682 amor.

110 711 228 747 Hanc
248 716 364 761 potes
383 711 573 760 amplecti
594 710 850 762 thalamoque
870 711 1032 748 relictus
1054 714 1094 748 in
1116 725 1196 748 uno
1264 712 1313 748 95

161 776 370 826 inpavidus
391 790 530 813 somno
550 782 669 813 nocte
690 776 835 813 silente
856 776 932 814 frui
950 778 964 813 ?

107 843 261 879 scilicet
281 848 327 879 ut
348 847 498 888 tauros,
518 845 574 879 ita
594 848 636 879 te
658 845 750 891 iuga
770 842 874 880 ferre
895 846 1028 893 coegit

161 921 318 958 quaque
339 907 443 945 feros
459 911 613 957 anguis,
633 913 675 945 te
696 921 854 958 quoque
876 908 1029 946 mulcet
1049 922 1135 958 ope.

108 973 225 1019 adde,
247 973 353 1023 quod
373 973 543 1010 adscribi
565 973 681 1010 factis
702 987 990 1024 procerumque
1010 977 1170 1024 tuisque

161 1052 202 1075 se
223 1037 350 1084 facit,1
372 1043 413 1075 et
435 1038 554 1075 titulo
576 1041 755 1088 coniugis
777 1052 875 1075 uxor
896 1039 1021 1076 obest.
1240 1039 1314 1076 lOO

109 1110 231 1154 atque
252 1104 393 1154 aliquis
416 1104 548 1141 Peliae
569 1104 620 1141 de
641 1106 820 1154 partibus
840 1111 928 1142 acta
949 1108 1114 1142 venenis

162 1173 323 1219 inputat
344 1175 386 1207 et
406 1170 612 1219 populum,
634 1173 701 1220 qui
723 1171 796 1207 sibi
817 1170 967 1216 credat,
987 1171 1134 1208 habet:

107 1240 131 1256 “
147 1249 227 1272 non
248 1235 346 1272 haec
369 1235 608 1280 Aesonides,
630 1235 701 1272 sed
726 1235 887 1272 Phasias
909 1236 1088 1273 Aeetine

162 1314 281 1338 aurea
306 1301 498 1337 Phrixeae
520 1306 635 1350 terga
655 1301 813 1338 revellit
834 1301 954 1338 ovis.'‘

107 1381 187 1403 non
254 1368 397 1416 probat
454 1366 665 1403 Alcimede
722 1372 852 1403 mater
907 1372 977 1404 tua
996 1391 1048 1395 —
1070 1368 1231 1405 consule

214 1438 439 1469 matrem—
1236 1434 1310 1470 105

160 1511 241 1534 non
262 1503 389 1547 pater,
405 1512 427 1533 a
446 1497 581 1547 gelido
601 1500 663 1534 cui
684 1500 796 1534 venit
815 1506 888 1534 axe
909 1511 1041 1534 nurus.

105 1563 173 1599 illa
193 1564 265 1600 sibi
287 1577 309 1599 a
329 1563 453 1599 Tanai
474 1563 743 1613 Scythiaeque
764 1556 974 1612 paludibus
994 1563 1097 1600 udae

160 1634 325 1679 quaerat
346 1634 387 1665 et
407 1642 429 1664 a
449 1631 576 1678 patria
597 1628 776 1665 Phasidis
798 1641 922 1678 usque
944 1631 1070 1665 virum
1088 1630 1095 1665 1

108 1695 268 1731 Mobilis
290 1694 493 1731 Aesonide
515 1707 715 1744 vernaque
736 1696 925 1730 incertior
945 1707 1050 1739 aura,

160 1774 229 1797 cur
248 1765 318 1797 tua
338 1760 505 1809 polliciti
526 1759 705 1809 pondere
725 1760 845 1796 verba
875 1760 1040 1796 carent?
1236 1760 1310 1797 110

106 1829 165 1862 vir
184 1839 297 1862 meus
318 1825 411 1861 hinc
432 1829 544 1869 ieras,
566 1828 624 1861 vir
644 1838 724 1861 non
745 1837 858 1861 meus
878 1824 973 1861 inde
994 1825 1145 1862 redisti.

159 1894 232 1928 sim
254 1891 409 1927 reducis
431 1894 618 1936 coniunx,
638 1893 741 1927 sicut
762 1893 895 1927 euntis
916 1903 1022 1926 eram
1041 1891 1048 1926 !

256 1992 267 2011 1
292 1992 378 2024 facit
399 1992 441 2033 P1
458 1992 521 2030 Ες,
539 1992 646 2024 Elaea:
673 1991 774 2036 {estet-2
792 1992 843 2024 P:
871 1991 968 2023 favet
987 1992 1016 2023 G
1037 1992 1143 2024 Merk.

108 2057 155 2101 76
