1409 2282
653 61 793 98 OVJD

121 167 274 214 Quodsi
295 166 399 204 forte
420 179 559 216 preces
580 166 811 217 praecordia
833 166 961 204 ferrea
982 171 1169 216 tangunt,

174 252 281 275 nunc
301 241 442 275 animis
462 227 555 275 audi
576 239 696 275 verba
716 241 869 274 minora
888 241 987 275 meis
1005 238 1012 274 Σ

119 316 202 347 tam
223 312 297 347 tibi
319 324 406 348 sum
426 311 608 360 supplex,
630 324 749 360 quam
770 316 814 347 tu
835 310 934 346 mihi
954 323 1074 359 saepe
1095 309 1221 356 fuisti,
1249 311 1323 347 185

173 395 248 419 nec
269 396 400 418 moror
420 387 515 420 ante
536 387 626 419 tuos
646 382 903 431 procubuisse
924 381 1059 431 pedes.

119 455 150 489 si
171 453 245 489 tibi
266 466 353 490 sum
373 453 473 498 vilis,
495 455 716 490 communis
737 455 892 502 respice
913 458 1028 490 natos
1045 465 1053 496 ;

174 527 326 562 saeviet
345 527 386 561 in
407 530 544 574 partus
564 525 649 561 dira
669 538 839 561 noverca
858 538 978 561 meos.

120 600 162 632 et
181 598 351 632 nimium
372 595 520 632 similes
541 596 615 632 tibi
636 601 742 639 sunt,
765 601 807 632 e'c
826 598 1001 644 imagine
1022 600 1180 645 tangor,

174 673 216 704 et
237 670 423 717 quotiens
443 666 573 712 video,
594 667 747 704 lumina
767 672 903 704 nostra
921 667 1099 703 madent.
1249 667 1323 703 190

122 751 194 788 per
215 751 378 788 superos
399 751 478 783 oro,
501 751 572 787 per
591 740 721 775 avitae
741 738 894 775 lumina
914 738 1107 784 flammae,

172 824 244 860 per
264 812 453 847 meritum
474 815 517 847 et
536 815 666 855 natos,
686 813 853 859 pignora
872 815 1022 855 nostra,
1042 810 1199 847 duos—

119 881 244 919 redde
266 886 411 926 torum,
433 894 504 930 pro
525 894 602 930 quo
623 886 685 917 tot
706 894 768 917 res
789 884 927 917 insana
947 880 1090 931 reliqui
1107 894 1115 925 ;

173 952 276 990 adde
298 952 418 989 fidem
438 952 556 989 dictis
576 952 847 1002 auxiliumque
867 951 974 989 refer
991 952 997 988 !

119 1038 201 1061 non
221 1037 297 1074 ego
317 1029 359 1061 te
380 1023 536 1073 inploro
556 1029 694 1060 eontra
714 1029 930 1073 taurosque
952 1026 1149 1073 virosque,
1247 1024 1321 1061 195

175 1095 300 1140 utque
321 1095 391 1126 tua
411 1102 576 1139 serpens
596 1092 701 1126 vieta
722 1092 902 1139 quiescat
922 1102 1022 1138 ope;

119 1161 161 1193 te
182 1160 291 1205 petO,
313 1167 432 1205 quem
453 1157 596 1201 merui,
617 1168 736 1204 quem
757 1156 871 1191 nobis
892 1158 977 1204 ipse
999 1154 1161 1200 dedisti,

175 1235 266 1258 cum
287 1234 364 1271 quo
386 1234 473 1257 sum
493 1224 643 1270 pariter
663 1220 768 1258 facta
789 1226 957 1270 parente
978 1234 1132 1270 parens.

122 1287 205 1324 Dos
227 1288 295 1324 ubi
315 1290 379 1332 sit,
401 1289 558 1337 quaeris
575 1288 588 1323 ?
646 1300 786 1336 campo
806 1290 1103 1323 numeravimus
1123 1287 1204 1333 illo,

174 1355 242 1402 qui
261 1353 336 1389 tibi
356 1352 486 1389 laturo
507 1352 634 1389 vellus
655 1352 825 1389 arandus
846 1357 942 1389 erat.
1247 1353 1323 1389 200

121 1431 264 1455 aureus
285 1418 353 1454 ille
374 1421 475 1455 aries
496 1418 591 1454 villo
612 1418 842 1467 spectabilis
862 1418 945 1455 alto

175 1485 246 1522 dos
266 1497 368 1530 mea,
389 1498 520 1535 quam,
541 1485 671 1521 dicam
692 1487 723 1521 si
743 1486 817 1522 tibi
839 1489 864 1506 “
879 1485 1002 1522 redde
1019 1485 1025 1521 !
1043 1485 1064 1497 ”
1086 1498 1222 1535 neges.

120 1550 191 1587 dos
211 1564 300 1587 mea
320 1555 365 1587 tu
386 1563 544 1599 sospes;
573 1550 644 1587 dos
665 1555 726 1587 est
746 1563 835 1587 mea
857 1550 974 1587 Graia
995 1554 1181 1588 iuventus
1199 1552 1205 1587 !

175 1618 187 1651 i
208 1629 330 1661 nune,
351 1615 569 1665 Sisyphias,
589 1616 770 1664 inprobe,
792 1615 930 1652 confer
950 1629 1045 1666 opes
1063 1617 1069 1652 !

121 1680 229 1731 quod
276 1683 387 1726 vivis,
435 1681 542 1730 quod
590 1680 713 1717 habes
763 1686 932 1731 nuptam
981 1694 1242 1732 socerumque

229 1748 420 1795 potentis,
1247 1747 1322 1784 205

174 1810 251 1847 hoc
270 1813 414 1860 ipsum,
435 1814 615 1860 ingratus
636 1811 742 1861 quod
763 1818 878 1861 potes
900 1825 1000 1858 esse,
1020 1826 1155 1850 meum
1176 1818 1248 1850 est.

122 1889 220 1927 quos
242 1875 431 1926 equidem
451 1877 760 1913 actutum—sed
782 1877 877 1927 quid
898 1878 1130 1927 praedicere
1150 1892 1322 1928 poenam

176 1945 326 1979 attinet
343 1942 357 1978 ?
387 1944 565 1991 ingentis
588 1945 761 1991 parturit
781 1945 838 1979 ira
857 1946 994 1980 minas.

127 2013 200 2061 156
