1445 2297
699 38 839 77 OVID

167 158 284 181 vacca
304 144 439 194 puella
458 150 528 182 tua
549 151 785 195 est—aptus
807 145 914 182 color
934 145 1001 183 ille
1022 145 1206 196 puellae;

220 224 265 255 tu
287 221 345 254 vir
365 223 408 255 et
428 221 469 254 in
490 231 608 254 vacca
629 232 802 268 conpare
821 224 959 256 taurus
980 232 1076 256 eras.

166 296 329 340 pectora
350 290 457 340 quod
477 295 605 327 rostro
626 293 762 327 cornix
783 290 963 328 fodiebat
981 296 1112 337 acuto,

220 365 429 411 ingenium
451 362 637 399 dominae
658 363 750 399 lena
769 364 958 400 movebat
977 376 1087 400 anus.
1324 364 1374 401 40

166 434 273 484 quod
295 440 484 471 cunctata
503 434 572 471 diu
593 440 753 471 taurum
773 448 843 470 sua
862 448 980 471 vacca
1000 434 1176 485 reliquit,

220 505 390 555 frigidus
411 508 453 541 in
473 505 593 542 viduo
614 505 836 543 destituere
858 511 957 542 toro.

166 578 265 614 livor
286 583 327 615 et
347 578 514 615 adverso
534 578 714 615 maculae
736 579 809 615 sub
829 583 994 628 pectore
1020 581 1159 628 nigrae

221 655 363 699 pectus
383 649 571 686 adulterii
591 649 681 687 labe
703 663 837 686 carere
858 649 1049 699 negant.”

168 721 337 758 Dixerat
357 724 567 770 interpres.
626 721 762 771 gelido
782 721 880 757 mihi
901 724 1061 771 sanguis
1081 722 1131 759 ab
1151 735 1218 758 ore
1325 722 1374 758 45

221 792 339 842 fugit,
362 798 404 830 et
424 798 519 830 ante
541 793 675 830 oculos
697 807 776 830 nox
798 796 914 831 stetit
935 793 1016 831 alta
1036 807 1157 831 meos.

746 951 801 987 VI

167 1058 301 1094 AMNIS
321 1057 613 1094 harundinibus
633 1057 791 1094 limosas
812 1058 941 1094 obsite
962 1060 1078 1107 ripas,

221 1129 271 1166 ad
292 1129 496 1166 dominam
518 1132 840 1179 propero—siste
862 1142 1077 1179 parumper
1096 1130 1239 1180 aquas!

167 1215 242 1237 nec
262 1202 336 1237 tibi
358 1206 452 1238 sunt
472 1206 616 1250 pontes
637 1214 713 1237 nec
734 1214 835 1251 quae
857 1204 942 1237 sine
962 1204 1124 1251 remigis
1144 1203 1226 1238 ictu

223 1286 395 1309 concava
415 1275 585 1309 traiecto
606 1273 749 1309 cumba
770 1272 943 1309 rudente
965 1272 1096 1309 vehat.

169 1357 311 1393 parvus
333 1357 431 1390 eras,
452 1347 631 1390 memini,
653 1357 728 1381 nec
749 1350 791 1382 te
813 1347 983 1382 transire
1004 1344 1148 1394 refugi,
1352 1345 1374 1380 5

221 1423 456 1460 summaque
477 1413 541 1446 vix
562 1410 664 1447 talos
685 1413 857 1460 contigit
878 1411 985 1447 unda
1005 1424 1125 1447 meos.

168 1489 275 1512 nunc
296 1479 376 1513 ruis
396 1476 579 1526 adposito
600 1477 757 1513 nivibus
778 1477 829 1513 de
850 1482 988 1513 monte
1010 1476 1148 1514 solutis

222 1547 264 1578 et
284 1545 393 1591 turpi
414 1555 561 1579 crassas
581 1545 743 1592 gurgite
764 1542 887 1579 volvis
907 1556 1038 1592 aquas.

168 1608 265 1657 quid
286 1621 519 1657 properasse
540 1610 662 1653 iuvat,
684 1607 781 1657 quid
802 1621 919 1657 parca
940 1608 1099 1645 dedisse
1121 1610 1249 1658 quieti

222 1679 417 1723 tempora,
439 1673 534 1724 quid
556 1676 665 1710 nocti
686 1676 932 1711 conseruisse
953 1674 1073 1719 diem,
1326 1673 1375 1710 10

167 1742 199 1775 si
219 1744 358 1776 tamen
378 1739 442 1776 hic
463 1739 652 1776 standum
673 1744 746 1785 est,
769 1742 799 1776 si
821 1753 902 1775 non
922 1739 1041 1776 datur
1060 1740 1211 1776 artibus
1231 1738 1321 1776 ullis

222 1804 389 1841 ulterior
409 1810 545 1842 nostro
566 1808 650 1854 ripa
671 1805 892 1854 premenda
912 1805 1006 1854 pedi
1023 1807 1036 1842 ?

168 1884 276 1907 nunc
297 1883 385 1920 ego,
407 1884 504 1920 quas
525 1870 666 1907 habuit
686 1873 829 1920 pinnas
852 1871 1055 1908 Danaeius
1076 1871 1205 1916 heros,

221 1936 391 1973 terribili
412 1936 583 1974 densum
603 1950 694 1974 cum
715 1937 810 1973 tulit
829 1950 962 1986 angue
983 1942 1117 1986 caput,

168 2010 244 2055 466
