1445 2297
675 70 814 108 OVID

144 183 169 200 “
184 192 207 216 o
227 181 383 215 utinam
403 191 494 215 mea
514 177 620 215 lecta
640 177 775 214 forent
796 180 1006 227 patrioque
1027 175 1211 226 sepulcro

197 242 372 287 condita,
395 255 486 278 cum
506 246 697 291 poterant
717 243 881 290 virginis
902 253 989 277 ossa
1007 239 1089 289 legi
1108 240 1115 275 !

146 318 228 351 cur,
249 304 369 341 modo
390 303 577 349 Vestalis,
599 303 738 340 taedas
758 306 907 340 invitor
926 303 977 339 ad
998 302 1098 339 ullas
1301 299 1350 338 75

197 370 325 418 turpis
346 373 389 404 et
411 367 541 404 Iliacis
562 366 771 404 infitianda
791 365 916 403 focis?

147 431 244 482 quid
265 443 397 467 moror
418 435 460 467 et
480 430 618 480 digitis
639 430 828 479 designor
848 429 1031 466 adultera
1052 428 1190 478 vulgi?

198 494 334 531 desint
354 493 528 530 famosus
549 507 651 543 quae
673 498 790 530 notet
810 506 877 529 ora
897 492 1048 542 pudor!
1067 492 1088 503 ''

147 557 372 602 Hactenus,
395 562 436 593 et
458 562 612 593 vestem
632 556 798 593 tumidis
819 555 1053 605 praetendit
1072 554 1208 592 ocellis

199 625 322 670 atque
343 623 399 656 ita
420 633 461 656 se
483 622 525 655 in
544 619 702 669 rapidas
722 619 881 669 perdita
901 621 1010 656 misit
1029 631 1162 669 aquas.
1303 617 1354 654 80

146 683 399 730 supposuisse
420 693 561 717 manus
582 679 632 716 ad
652 685 817 729 pectora
835 679 1010 716 lubricus
1030 681 1158 716 amnis

201 735 348 772 dicitur
369 740 411 772 et
432 737 526 771 socii
546 737 631 771 iura
651 734 810 771 dedisse
830 737 918 771 tori.

147 798 204 835 Te
226 811 386 848 quoque
407 797 599 834 credibile
621 803 683 834 est
704 797 836 847 aliqua
857 797 1023 834 caluisse
1044 796 1202 846 puella;

202 861 273 898 sed
294 873 457 897 nemora
479 865 521 897 et
542 860 663 897 silvae
685 863 850 896 crimina
870 865 1002 898 vestra
1021 864 1180 909 tegunt.

148 924 245 961 dum
265 923 419 974 loquor,
440 926 612 960 increvit
625 923 637 946 ¹
659 923 751 960 latis
772 922 1009 973 spatiosior2
1029 922 1160 968 undis,
1306 921 1356 958 85

203 1000 278 1023 nec
300 989 408 1036 capit
429 986 619 1023 admissas
640 985 776 1023 alveus
797 986 902 1023 altus
922 1000 1055 1036 aquas.

149 1050 246 1100 quid
267 1062 438 1095 mecum,
460 1048 620 1095 furiose,
642 1050 744 1086 tibi?
802 1049 899 1099 quid
918 1055 1059 1086 mutua
1079 1049 1213 1086 differs

203 1112 378 1162 gaudia?
410 1112 506 1162 quid
528 1118 729 1162 coeptum,
751 1115 911 1157 rustice,
933 1114 1084 1161 rumpis
1103 1113 1212 1149 iter?

150 1175 277 1226 quid?
309 1178 339 1212 si
359 1175 588 1224 legitimum
609 1175 765 1221 flueres,
787 1178 818 1211 si
840 1175 974 1212 nobile
995 1174 1157 1221 flumen,

204 1241 235 1275 si
256 1239 330 1275 tibi
351 1251 423 1288 per
443 1243 570 1275 terras
590 1241 763 1274 maxima
784 1237 889 1274 fama
909 1238 1071 1275 foret—
1308 1238 1358 1274 90

150 1314 299 1338 nomen
320 1301 444 1338 habes
464 1301 633 1347 nullum,
655 1304 746 1338 rivis
768 1301 937 1338 collecte
958 1301 1129 1347 caducis,

206 1377 281 1401 nec
301 1365 375 1401 tibi
397 1370 491 1401 sunt
512 1364 645 1401 fontes
666 1378 741 1401 nec
761 1365 836 1401 tibi
857 1370 967 1402 certa
987 1365 1151 1402 domus!

151 1427 274 1464 fontis
295 1427 418 1464 habes
439 1430 564 1464 instar
584 1427 841 1477 pluviamque
862 1430 1055 1478 nivesque
1075 1428 1237 1474 solutas,

206 1503 304 1540 quas
324 1491 398 1527 tibi
419 1490 578 1527 divitias
598 1493 712 1540 pigra
732 1493 935 1528 ministrat
955 1491 1112 1541 hiemps
1130 1504 1139 1535 ;

152 1558 223 1590 aut
242 1553 470 1590 lutulentus
491 1556 577 1602 agis
598 1553 767 1590 brumali
788 1559 971 1603 tempore
993 1567 1141 1600 cursus,
1310 1554 1358 1591 95

206 1621 277 1652 aut
297 1618 444 1664 premis
465 1621 649 1652 arentem
670 1616 975 1665 pulverulentus
997 1617 1175 1654 humum.

153 1681 241 1729 quis
262 1683 305 1715 te
325 1683 414 1715 tum
434 1681 569 1728 potuit
589 1681 730 1716 sitiens
750 1679 909 1716 haurire
929 1683 1057 1717 viator
1074 1681 1089 1716 ἓ

208 1744 296 1791 quis
317 1741 420 1778 dixit
440 1747 556 1790 grata
573 1755 668 1778 voce
691 1746 715 1762 ‘⁶
731 1745 921 1791 perennis
942 1756 1008 1780 eas
1022 1743 1043 1755 ''
1063 1744 1077 1779 ?

197 1811 207 1831 1
232 1812 396 1843 increscis
415 1811 511 1843 Ehw.

164 1855 209 1930 U²
233 1855 421 1929 sp3}iq('8i⁰r
435 1855 548 1888 Bent.:
574 1856 750 1897 spatiosus
774 1857 810 1887 in
827 1856 906 1889 Ps:
933 1857 1122 1898 spatiosius
1139 1858 1248 1890 Merk.
1267 1858 1361 1897 from

154 1914 167 1930 A
198 1910 252 1930 ar.
271 1917 284 1930 r
315 1916 350 1930 μ.

307 1982 323 1996 ‘²
346 1975 487 2008 Vesta’s
506 1975 596 2016 fires,
614 1977 769 2020 brought
785 1977 832 2020 by
848 1979 984 2010 Aeneas
1000 1979 1089 2011 from
1107 1979 1210 2022 Troy.

155 2049 231 2086 472
