1445 2297
687 51 828 90 OVID

152 165 209 206 et,
229 173 300 196 cur
320 172 400 196 non
421 159 554 204 liceat,
577 162 789 209 quaerenti
810 159 969 196 reddita
990 173 1108 196 causa
1129 165 1205 205 est,

207 225 315 275 quod
335 228 504 261 nimium
524 225 710 261 dominae
731 238 824 261 cura
844 224 1014 262 molesta
1034 230 1104 262 tua
1124 230 1197 262 est.

153 290 194 328 Si
214 293 333 340 sapis,
354 304 376 327 o
398 296 546 337 custos,
566 291 716 337 odium,
737 290 835 327 mihi
856 291 990 337 crede,
1010 294 1154 328 mereri

206 356 347 394 desine
366 369 375 401 3
405 370 525 406 quem
545 359 693 394 metuit
714 360 896 407 quisque,
916 360 1067 406 perisse
1088 359 1211 406 cupit.
1314 356 1362 394 10

152 426 211 459 vir
231 436 390 473 quoque
411 436 492 459 non
513 426 696 473 sapiens3
726 423 823 473 quid
845 426 953 460 enim
974 436 1131 460 servare
1152 423 1321 468 laboret,

206 489 315 526 unde
335 488 450 535 nihil,
471 491 651 539 quamvis
671 502 752 525 non
773 494 927 535 tueare,
947 490 1081 538 perit?

152 555 223 592 sed
244 560 359 605 gerat
379 555 448 592 ille
470 568 540 592 suo
561 544 713 592 morem
734 553 905 592 furiosus
925 557 1049 591 amori

206 627 248 658 et
268 626 436 667 castum,
458 621 596 658 multis
617 620 724 671 quod
745 620 892 671 placet,
914 634 1000 658 esse
1026 626 1170 671 putet3

152 687 243 724 huic
265 686 410 724 furtiva
430 692 501 724 tuo
521 687 685 723 libertas
705 700 873 724 munere
903 686 1034 732 detur,
1314 688 1360 723 15

205 766 325 802 quam
345 752 505 789 dederis
527 752 596 798 illi,
619 751 764 789 reddat
783 757 829 788 ut
848 751 916 788 illa
935 752 1021 789 tibi.

151 821 332 854 conscius
353 831 441 855 esse
463 817 779 854 velis—domina
801 823 862 854 est
883 819 1054 854 obnoxia
1075 831 1188 855 servo
1205 831 1213 862 ;

205 886 386 920 conscius
407 897 494 920 esse
515 883 943 920 times—dissinmlare
964 883 1072 920 licet.

150 951 297 998 scripta
318 949 429 999 leget
451 954 814 986 secum—matrem
834 952 987 986 misisse
1007 950 1172 999 putato!

205 1016 362 1050 venerit
382 1014 814 1063 ignotus—postmodo
834 1019 954 1051 notus
977 1018 1063 1052 erit.
1308 1015 1358 1052 20

149 1079 223 1116 ibit
243 1080 293 1116 ad
313 1079 530 1125 adfectam,
550 1093 651 1130 quae
673 1093 754 1116 non
774 1079 997 1130 languebit,
1019 1083 1186 1117 amicam
1205 1094 1213 1117 :

203 1148 304 1183 visat
323 1146 329 1181 !
360 1145 516 1183 iudiciis
536 1159 656 1195 aegra
675 1148 727 1182 sit
746 1145 813 1181 illa
833 1149 923 1183 tuis.

149 1214 180 1249 si
201 1211 323 1248 faciet
342 1211 472 1257 tarde,
493 1225 544 1248 ne
566 1217 608 1248 te
629 1225 739 1248 mora
759 1211 880 1261 longa
901 1211 1060 1261 fatiget,

203 1280 375 1327 inposita
397 1280 549 1327 gremio
569 1282 740 1314 stertere
762 1276 895 1314 fronte
916 1282 1042 1326 potes.

149 1356 224 1380 1166
244 1348 303 1389 tu,
323 1343 533 1393 linigeram
556 1343 639 1380 fieri
660 1342 756 1393 quid
776 1346 902 1392 possit
922 1343 973 1380 ad
995 1343 1104 1390 Isim,
1309 1343 1357 1379 25

203 1412 420 1459 quaesieris
441 1423 516 1446 nec
538 1415 581 1446 tu
604 1423 721 1446 curva
740 1409 900 1447 theatra
920 1412 1019 1446 time
1037 1410 1044 1446 1

148 1479 328 1513 conscius
349 1475 535 1513 adsiduos
556 1478 755 1513 commissi
775 1475 894 1512 tollet
914 1475 1140 1513 honores—

202 1544 290 1591 quis
309 1544 440 1578 minor
460 1547 522 1578 est
542 1547 677 1578 autem
700 1554 819 1590 quam
839 1544 1012 1577 tacuisse
1033 1541 1175 1578 labor?

147 1607 215 1644 ille
236 1607 370 1656 placet
391 1612 603 1657 versatque
619 1606 783 1643 domum
810 1619 943 1656 neque
964 1607 1131 1643 verbera
1152 1609 1301 1650 sentit;

201 1673 270 1710 ille
291 1673 572 1722 potens—alii,
593 1672 751 1710 sordida
773 1673 904 1718 turba,
923 1675 1068 1710 iacent.
1306 1672 1356 1708 30

148 1738 255 1784 huic,
275 1752 392 1775 verae
413 1744 458 1775 ut
477 1738 631 1775 lateant
653 1752 807 1784 causae,
829 1738 1036 1788 finguntur
1055 1741 1194 1775 inanes
1212 1751 1221 1782 ;

201 1810 324 1854 atque
345 1806 462 1841 ambo
482 1804 647 1850 domini,
669 1805 775 1854 quod
796 1805 939 1853 probat
958 1818 1051 1849 una,
1072 1805 1255 1853 probant.

149 1884 240 1907 cum
259 1871 364 1907 bene
385 1873 443 1906 vir
463 1874 586 1907 traxit
608 1870 762 1907 vultum
782 1883 980 1920 rugasque
1001 1873 1147 1919 coegit,

203 1935 310 1985 quod
333 1935 457 1972 voluit
478 1935 562 1972 fieri
584 1935 730 1972 blanda
752 1935 899 1984 puella,
920 1934 1029 1972 facit.

151 2021 227 2067 384
