1409 2282
651 53 791 90 OVID

119 172 244 209 usque
265 164 377 196 metu
398 161 573 197 micuere
594 161 716 203 sinus,
736 158 832 195 dum
854 160 980 194 victor
998 159 1169 194 amicum
1273 157 1323 193 45

174 222 306 258 dictus
327 235 368 258 es
391 221 563 258 Ismariis
583 224 659 257 isse
680 233 752 271 per
771 234 917 270 agmen
939 222 1062 270 equis.

119 284 201 321 Sed
221 284 319 321 mihi
339 284 436 334 quid
457 283 622 334 prodest
641 286 782 320 vestris
802 283 971 319 disiecta
989 281 1148 318 lacertis

175 347 269 384 Ilios
290 352 345 393 et,
365 359 500 383 murus
521 345 629 396 quod
649 345 740 392 fuit,
761 359 847 383 esse
866 345 1009 390 solum,

119 412 151 446 si
170 423 328 455 maneo,
348 409 475 459 qualis
495 409 612 445 Troia
631 408 803 445 durante
824 408 1050 452 manebam,

172 476 312 522 virque
332 472 431 509 mihi
451 472 618 521 dempto
639 471 717 508 fine
739 470 934 508 carendus
954 471 1097 507 abest?
1275 469 1325 506 50

119 535 252 572 diruta
272 540 367 572 sunt
386 534 486 580 aliis,
507 537 576 571 uni
595 534 694 570 mihi
717 534 910 583 Pergama
929 538 1099 578 restant,

173 598 303 634 incola
324 600 481 647 captivo
503 611 604 647 quae
626 597 727 633 bove
748 599 874 634 victor
893 601 989 633 arat.

119 664 197 697 iam
217 674 332 710 seges
354 665 429 706 est,
448 660 517 697 ubi
537 659 654 696 Troia
674 659 764 705 fuit,
784 659 1082 709 resecandaque
1104 657 1205 694 falce

172 723 347 760 luxuriat
369 722 542 773 Phrygio
563 725 758 771 sanguine
779 724 940 771 pinguis
960 720 1128 765 humus;

119 786 379 836 semisepulta
399 789 527 822 virum
548 788 676 822 curvis
697 784 898 821 feriuntur
916 787 1055 821 aratris
1275 784 1324 820 55

174 862 273 895 ossa,
293 851 471 885 ruinosas
492 848 641 885 occulit
661 848 785 884 herba
805 848 953 884 domos.

119 913 246 947 victor
265 910 374 955 abes,
394 921 469 945 nec
490 911 590 945 scire
610 907 723 953 mihi,
744 921 846 958 quae
868 921 984 944 causa
1003 907 1199 952 morandi,

173 975 244 1006 aut
263 972 304 1005 in
325 982 404 1019 quo
424 969 549 1006 lateas
570 967 722 1005 ferreus
743 968 852 1013 orbe,
872 967 992 1004 licet!

120 1031 310 1082 Quisquis
330 1031 381 1067 ad
401 1031 500 1068 haec
521 1033 643 1068 vertit
664 1033 916 1081 peregrinam
937 1030 1055 1067 litora
1074 1032 1254 1080 puppim,

173 1091 242 1128 ille
262 1090 361 1128 mihi
382 1090 433 1127 de
453 1096 495 1127 te
516 1090 644 1127 multa
664 1095 826 1140 rogatus
846 1091 943 1136 abit,
1276 1090 1326 1126 60

120 1164 320 1202 quamque
341 1151 416 1187 tibi
437 1150 595 1196 reddat,
615 1153 646 1187 si
668 1155 710 1187 te
731 1150 850 1187 modo
871 1150 1018 1187 viderit
1038 1163 1219 1200 usquam,

174 1211 346 1248 traditur
366 1210 459 1247 huic
479 1210 617 1260 digitis
637 1209 776 1247 charta
796 1215 937 1247 notata
955 1213 1066 1247 meis.

120 1284 192 1308 nos
214 1271 354 1320 Pylon,
373 1273 529 1320 antiqui
551 1269 693 1307 Neleia
715 1270 896 1307 Nestoris
916 1284 1020 1316 arva,

174 1333 376 1374 misimus;
407 1333 561 1367 incerta
581 1335 643 1366 est
663 1329 768 1366 fama
787 1333 950 1367 remissa
971 1329 1079 1381 Pylo.

119 1393 298 1427 misimus
319 1395 361 1427 et
381 1390 554 1439 Sparten
570 1403 579 1433 ;
609 1389 752 1439 Sparte
774 1403 934 1440 quoque
955 1392 1090 1427 nescia
1110 1389 1224 1426 veri.1
1274 1389 1323 1426 65

175 1463 271 1500 quas
291 1450 448 1486 habitas
468 1455 607 1494 terras,
628 1455 698 1485 aut
719 1450 786 1485 ubi
807 1449 942 1486 lentus
963 1450 1086 1487 abes?

120 1510 259 1546 utilius
278 1514 434 1546 starent
454 1512 686 1545 etiamnunc
705 1512 865 1545 moenia
887 1509 1092 1546 Phoebi—

169 1573 315 1606 irascor
334 1572 450 1615 votis,
470 1569 564 1613 heu,
584 1569 682 1605 levis
703 1571 787 1618 ipsa
807 1570 929 1606 meis!

121 1633 263 1667 scirem
283 1630 349 1666 ubi
371 1642 584 1679 pugnares,
606 1634 648 1665 et
667 1634 827 1665 tantum
847 1629 954 1666 bella
973 1631 1172 1674 timerem,

177 1695 219 1727 et
237 1702 328 1726 mea
347 1703 437 1726 cum
458 1688 595 1725 multis
616 1691 752 1725 iuncta
772 1689 936 1739 querela
955 1688 1071 1726 foret.
1276 1687 1325 1725 70

557 1763 567 1782 ¹
593 1764 702 1795 vestri
719 1764 814 1795 Bent.

167 1849 182 1862 ‘²
207 1842 240 1874 If
259 1843 331 1874 this
348 1841 458 1873 refers
476 1848 513 1873 to
529 1841 767 1872 Telemachus'
784 1842 944 1883 journey,
961 1840 1052 1873 Ovid
1068 1841 1131 1872 has
1146 1840 1323 1882 forgotten

124 1887 177 1918 his
206 1886 349 1924 Homer,
379 1896 416 1916 or
442 1884 641 1926 disregards
670 1885 699 1916 it
715 1897 722 1922 ;
755 1885 809 1916 for
840 1886 876 1916 in
907 1885 969 1916 the
996 1884 1147 1925 Odys-say
1173 1884 1218 1924 (⁶2,
1247 1884 1323 1923 373)

124 1930 351 1961 Telemachus
368 1940 449 1971 goes
465 1929 618 1960 without
634 1928 688 1959 his
705 1928 872 1960 mother's
888 1928 1104 1969 knowledge.

130 2023 175 2056 14
