1445 2297
730 73 870 111 OVID

197 180 325 217 multa
344 179 495 230 diuque
515 179 616 223 tuli3
646 181 801 229 speravi
822 192 941 228 saepe
963 178 1156 223 futurum,

252 259 343 282 cum
363 246 468 283 bene
488 258 696 290 servasses,
718 250 763 281 ut
783 245 888 281 bene
908 244 1029 280 verba
1049 243 1196 280 darem.
1350 243 1400 280 50

197 310 332 348 lentus
353 323 394 347 es
415 315 458 347 et
477 313 626 360 pateris
647 309 746 346 nulli
766 309 957 359 patienda
976 311 1141 352 marito3

250 381 292 413 at
311 376 409 413 mihi
430 374 632 413 concessi1
653 375 741 412 finis
759 377 902 411 amoris
922 377 998 412 erit
1016 374 1022 411 ἱ

199 442 362 480 Scilicet
382 441 523 479 infelix
546 454 766 491 numquam
787 440 1029 490 prohibebor
1049 439 1188 476 adire?

252 522 331 545 nox
351 508 450 544 mihi
470 508 543 545 sub
563 507 674 544 nullo
694 506 853 544 vindice
873 519 1032 556 semper
1053 508 1129 542 erit
1146 506 1160 541 ?
1334 538 1337 540 .

199 573 255 610 nil
275 573 483 611 metuam?
513 585 585 622 per
605 572 715 608 nulla
734 571 891 609 traham
911 573 1078 620 suspiria
1098 570 1286 607 somnos?
1354 570 1404 606 55

253 639 309 675 nil
329 638 463 684 facies,
484 652 554 675 cur
573 643 615 675 te
636 641 720 674 iure
741 639 891 687 perisse
911 636 1031 673 velim
1049 637 1064 672 ?

199 704 296 755 quid
316 704 414 740 mihi
435 717 525 740 cum
547 703 665 748 facili,
687 702 783 753 quid
806 715 896 739 cum
917 701 1063 739 lenone
1084 701 1255 738 marito?

254 773 474 820 corrumpit
487 769 501 793 2
522 772 618 806 vitio
638 769 786 819 gaudia
804 774 941 806 nostra
961 782 1042 805 suo.

199 839 295 886 quin
317 836 451 882 alium,
473 849 594 886 quem
614 840 730 872 tanta
750 837 860 871 iuvat
873 834 888 858 3
908 836 1117 884 patientia,
1139 834 1323 883 quaeris?

253 915 318 939 me
337 903 412 939 tibi
431 901 596 938 rivalem
617 903 647 938 si
668 903 777 938 iuvat
793 909 892 946 esse,
912 905 1005 937 veta
1022 900 1028 936 !
1356 898 1406 935 60

408 980 419 1000 1
444 991 606 1012 concessa
622 980 667 1011 M
667 979 734 1011 erk.
835 978 848 999 ²
871 978 1065 1020 corrumpis
1082 977 1192 1009 ssserlc.

525 1024 539 1043 ³
561 1027 664 1056 tanta
679 1023 780 1055 iubat,
796 1023 848 1055 P:
873 1022 972 1054 iubet
989 1023 1082 1054 Post.

207 2054 282 2087 442
