1409 2282
687 71 827 109 OVID

151 178 272 223 idem,
294 180 362 227 qui
382 176 561 222 facimus,
584 176 731 213 factam
752 177 1008 213 tenuabimus
1029 179 1139 222 iram,

206 240 318 287 copia
339 237 523 286 placandi
544 240 596 274 sit
615 237 735 273 modo
755 250 874 286 parva
894 239 965 273 tui.

150 303 245 334 ante
266 303 356 334 tuos
377 297 497 333 liceat
516 297 681 333 flentem
695 295 711 320 1
732 299 950 333 consistere
971 296 1104 333 vultus
1307 294 1355 333 75

205 363 247 394 et
267 357 387 394 liceat
407 357 578 393 lacrimis
598 356 747 393 addere
767 357 888 393 verba
908 356 1007 402 sua,2

151 423 276 467 utque
298 417 430 454 solent
449 416 600 462 famuli,
622 430 712 453 cum
732 417 898 453 verbera
919 430 1034 453 saeva
1055 422 1257 462 verentur,

206 477 377 514 tendere
399 478 612 514 submissas
633 477 683 513 ad
705 482 774 513 tua
796 490 909 513 crura
928 477 1093 513 manus!

151 540 309 587 ignoras
330 543 397 574 tua
419 540 526 581 iura3
557 538 674 573 voca!
706 550 776 574 cur
795 550 940 586 arguor
959 537 1132 573 absens?

205 597 439 634 iamdudum
460 597 645 634 dominae
667 610 776 633 more
797 599 933 633 venire
954 597 1058 633 iube.
1308 595 1358 632 80

153 660 237 707 ipsa
257 671 367 694 meos
389 658 544 694 scindas
565 658 662 695 licet
682 660 893 707 imperiosa
914 657 1089 706 capillos,

206 731 353 768 oraque
374 721 455 755 sint
475 718 612 768 digitis
632 718 754 754 livida
773 723 909 754 nostra
927 720 1017 754 tuis.

152 781 285 815 omnia
304 781 508 828 perpetiar
527 791 534 822 3
554 784 714 815 tantum
734 777 902 815 fortasse
922 778 1087 823 timebo,

206 852 370 888 corpore
390 838 574 876 laedatur
594 852 645 876 ne
665 852 806 875 manus
826 841 901 875 ista
920 851 1021 874 meo.

152 898 232 936 Sed
254 911 385 948 neque
407 899 653 948 conpedibus
674 912 749 936 nec
769 912 833 935 me
855 912 1050 948 conpesce
1072 901 1277 935 eatenis—
1309 898 1357 934 85

207 959 392 995 servabor
413 958 524 995 firmo
545 962 702 996 vinctus
723 972 856 995 amore
878 961 937 995 tui
955 960 962 995 l

153 1032 243 1055 cum
265 1019 369 1055 bene
392 1032 432 1055 se
455 1024 732 1069 quantumque
755 1019 863 1056 volet
884 1021 1088 1056 satiaverit
1109 1021 1178 1064 ira,

207 1081 291 1128 ipsa
312 1079 386 1115 tibi
408 1079 516 1115 dices
533 1093 540 1116 :
563 1083 586 1099 “
603 1092 722 1129 quam
743 1082 948 1128 patienter
967 1084 1077 1115 amat
1094 1079 1101 1115 1
1119 1078 1140 1090 ”
1176 1101 1180 1106 »

153 1141 237 1188 ipsa
257 1139 332 1175 tibi
352 1139 474 1184 dices,
496 1140 563 1176 ubi
585 1139 730 1176 videris
752 1142 884 1175 omnia
904 1139 1010 1176 ferre
1027 1153 1034 1176 :

207 1203 326 1235 “tam
348 1199 451 1235 bene
473 1202 539 1249 qui
561 1202 695 1245 servit,
716 1202 862 1236 serviat
875 1202 957 1239 2iste
978 1198 1075 1235 mihi
1096 1200 1102 1235 !
1120 1199 1140 1210 ''
1310 1197 1360 1234 90

153 1272 259 1296 nunc
282 1272 370 1296 reus
390 1259 530 1296 infelix
550 1260 693 1297 absens
713 1273 822 1309 agor,
843 1265 884 1297 et
904 1273 1005 1305 mea,
1027 1273 1117 1296 cum
1138 1262 1189 1296 sit

208 1322 373 1369 optima,
393 1334 474 1356 non
495 1319 577 1356 ullo
598 1333 714 1357 causa
734 1325 878 1357 tuente
899 1323 1014 1369 perit.

157 1374 246 1410 Hoc
288 1373 789 1425 quoque-quantumvis3
831 1377 883 1411 sit
912 1377 1106 1424 scriptum
1136 1376 1279 1411 iniuria

262 1434 456 1473 nostrum,

209 1483 315 1532 quod
336 1483 387 1520 de
407 1496 473 1520 me
494 1483 589 1528 solo,
611 1496 758 1532 nempe
780 1486 957 1533 queraris
978 1483 1112 1520 habes.

155 1550 236 1573 non
256 1540 405 1574 meruit
425 1537 509 1573 falli
529 1551 688 1574 mecum
709 1550 868 1587 quoque
890 1537 1032 1581 Deli33
1062 1540 1092 1573 si
1115 1550 1195 1573 non
1309 1537 1358 1574 95

210 1594 266 1627 vis
286 1591 384 1627 mihi
405 1595 643 1640 promissum
665 1591 848 1636 reddere,
870 1591 995 1628 redde
1017 1592 1128 1628 deae.

154 1644 285 1682 adfuit
306 1651 347 1682 et
368 1646 480 1691 vidit,
502 1660 592 1682 611111
613 1651 657 1682 tu
678 1646 850 1695 decepta
870 1647 1052 1691 rubebas,

210 1705 252 1736 et
272 1713 410 1736 vocem
431 1703 598 1737 memori
620 1700 800 1736 condidit
821 1713 915 1737 aure
937 1705 1058 1737 tuam.

158 1756 291 1790 omina
311 1767 353 1790 re
376 1755 562 1791 careant!
585 1754 683 1790 nihil
707 1760 768 1791 est
789 1754 1003 1791 violentius
1024 1755 1103 1800 illa,

210 1821 301 1845 cum
321 1822 402 1851 sua,
423 1809 530 1858 quod
551 1809 687 1854 nolim,
709 1811 873 1845 numina
892 1809 998 1845 laesa
1020 1809 1140 1846 videt.
1284 1809 1359 1845 100

245 1884 253 1902 ¹
281 1884 421 1916 flentem
441 1885 469 1913 (J
484 1885 532 1916 Vs
550 1885 669 1916 Plane:
696 1884 819 1915 flentes
837 1885 900 1925 Pl:
926 1884 1068 1916 flentem
1084 1885 1189 1916 liceat
1207 1899 1240 1916 ω.

245 1927 257 1947 '2
280 1939 342 1959 sua
364 1929 444 1960 I'a.:
470 1929 522 1959 sui
541 1928 592 1960 P:
617 1929 689 1959 suis
709 1929 754 1959 (ἔς
781 1929 866 1959 meis
884 1942 926 1960 w:
953 1929 1025 1959 tuis
1043 1942 1067 1960 ς.

243 1971 255 1990 3
278 1972 505 2014 quantumvis
522 1972 589 2003 Pa.
608 1971 733 2012 atfirst
750 1985 756 2004 :
782 1971 876 2014 quod
894 1976 933 2003 tu
950 1973 1007 2004 via
1026 1972 1054 2004 G'
1072 1972 1138 2003 Pa.

160 2035 235 2070 280
