1409 2282
656 110 796 148 OVID

124 214 210 251 Has
229 214 305 251 tibi
326 214 557 265 plangendo
576 215 762 265 lugubria
781 221 945 266 pectora
965 216 1084 254 lassas
1252 218 1326 254 145

175 285 316 322 infelix
336 286 462 323 tendo
482 292 592 324 trans
613 286 716 324 freta
736 287 855 337 longa
875 301 1039 332 manus3

121 356 193 394 hos
213 357 412 407 tibi—qui
433 358 851 407 superant—ostendo
872 364 1023 396 maesta
1044 359 1206 409 capillos
1223 360 1231 396 !

176 441 249 478 per
268 428 450 465 lacrimas
471 442 551 474 oro,
573 442 669 479 quas
690 434 759 466 tua
778 429 884 467 facta
904 436 1124 467 movent—
1252 431 1326 468 150

121 499 238 536 flecte
259 505 400 546 ratem,
421 500 594 546 Theseu,
615 514 808 551 versoque
829 500 1009 538 relabere
1030 507 1151 539 vento
1169 503 1176 538 I

175 574 206 608 si
226 574 334 621 prius
355 571 550 618 occidero,
571 577 616 609 tu
636 578 774 609 tamen
794 585 881 610 ossa
900 572 1005 610 feres
1023 574 1030 609 3

525 925 684 962 CANACE
724 925 841 962 MACA
848 938 922 961 REO

121 1022 242 1064 SIQUA
261 1027 400 1058 tamen
429 1024 556 1059 caecis
578 1022 769 1059 errabunt
789 1025 936 1071 scripta
956 1021 1097 1067 lituris,

175 1088 322 1125 oblitus
343 1102 365 1124 a
385 1088 570 1125 dominae
592 1088 715 1125 caede
735 1087 895 1125 libellus
915 1091 1002 1125 erit.

119 1153 262 1191 dextra
282 1159 399 1191 tenet
419 1153 628 1199 calamum,
650 1156 833 1191 strictum
854 1159 970 1191 tenet
989 1154 1115 1191 altera
1135 1153 1297 1200 ferrum,

174 1224 217 1256 et
236 1222 340 1256 iacet
359 1222 401 1255 in
419 1222 573 1269 gremio
593 1219 730 1256 charta
749 1219 878 1256 soluta
897 1232 997 1256 meo.

119 1285 218 1322 haec
240 1290 302 1322 est
323 1285 513 1322 Aeolidos
533 1284 646 1322 fratri
667 1286 877 1322 scribentis
898 1288 1053 1335 imago3
1300 1285 1322 1321 5

173 1353 227 1388 sic
248 1351 386 1388 videor
405 1351 505 1387 duro
525 1364 639 1400 posse
660 1351 818 1400 placere
839 1354 952 1401 patri.

119 1416 211 1466 Ipse
231 1419 341 1453 necis
361 1429 551 1465 cuperem
570 1422 730 1453 nostrae
749 1422 953 1466 spectator
971 1417 1143 1463 adesset,

173 1485 425 1532 auctorisque
446 1482 569 1519 oculis
590 1485 820 1532 exigeretur
839 1483 961 1532 opus!

119 1552 165 1584 ut
184 1547 293 1584 ferus
314 1552 376 1584 est
395 1547 604 1597 multoque
625 1550 704 1584 suis
725 1548 991 1585 truculentior
1012 1548 1140 1593 Euris,

174 1618 396 1662 spectasset
415 1616 527 1650 siccis
548 1613 713 1650 vulnera
732 1619 868 1650 nostra
887 1617 1012 1663 genis.
1275 1614 1322 1650 10

123 1677 277 1715 scilicet
298 1683 360 1715 est
379 1678 543 1728 aliquid,
565 1692 655 1715 cuni
676 1682 801 1715 saevis
822 1682 954 1716 vivere
975 1682 1106 1716 ventis
1124 1693 1133 1723 ;

174 1746 339 1793 ingenio
360 1744 497 1794 populi
519 1747 708 1782 convenit
728 1745 795 1781 ille
816 1748 885 1781 sui.

120 1808 188 1846 ille
210 1809 319 1846 Noto
341 1809 606 1860 Zephyroque
628 1815 670 1847 et
691 1809 875 1847 Sithonio
895 1810 1085 1860 Aquiloni

174 1877 344 1923 imperat
365 1880 407 1911 et
427 1877 573 1923 pinnis,
594 1875 699 1911 Eure
720 1880 918 1924 proterve,
939 1878 1030 1912 tuis.

120 1944 292 1990 imperat
311 1939 390 1977 heu
408 1941 415 1976 1
437 1943 581 1986 ventis,
601 1941 779 1977 tumidae
800 1954 881 1977 non
900 1944 1071 1990 imperat
1090 1945 1183 1987 irae,
1272 1943 1318 1979 lo

174 2006 353 2055 possidet
373 2011 415 2042 et
435 2009 539 2042 vitiis
560 2020 682 2056 regna
704 2009 856 2043 minora
877 2009 965 2044 suis.

124 2090 195 2126 132
