1445 2297
701 83 841 122 OVID

169 191 287 228 Mens
308 191 418 228 Bona
438 191 609 228 ducetur
628 192 811 228 manibus
832 195 922 240 post
942 195 1057 240 terga
1077 191 1251 236 retortis,

222 267 263 299 et
286 262 430 308 Pudor,
452 268 493 299 et
515 265 651 299 castris
672 262 867 312 quidquid
889 262 1047 299 Amoris
1067 263 1193 299 obest.

169 337 302 370 omnia
322 339 364 370 te
385 339 596 378 metuent3
625 334 675 370 ad
696 339 738 370 te
760 347 828 371 sua
848 333 1032 371 bracchia
1052 333 1226 370 tendens

220 405 362 455 vulgus
385 410 407 425 ‘·'
424 408 461 442 io
476 405 495 416 ”
518 419 663 455 magna
684 419 780 442 voce
802 410 826 426 ‘⁶
841 405 1046 454 triumphe
1066 407 1072 442 l
1090 405 1110 416 '¹
1134 410 1264 442 canet.

165 475 386 513 blanditiae
408 479 574 514 comites
594 477 668 513 tibi
690 482 809 513 erunt
831 476 1029 526 Errorque
1052 476 1270 526 Furorque,
1320 475 1370 513 35

220 547 386 584 adsidue
408 552 541 597 partes
562 548 680 584 turba
701 553 837 584 secuta
858 553 957 584 tuas.

164 618 225 655 his
245 624 291 656 tu
311 619 505 656 militibus
526 633 689 669 superas
709 619 974 669 hominesque
995 619 1172 669 deosque
1188 632 1197 663 ;

218 690 318 727 haec
338 692 412 727 tibi
433 693 464 727 si
485 691 622 728 demas
642 690 863 736 commoda,
884 690 1016 727 nudus
1037 694 1124 728 eris.

165 761 291 799 Laeta
310 762 579 812 triumphanti
598 762 649 799 de
671 775 826 799 summo
846 767 976 799 mater
996 762 1172 812 Olympo

217 833 385 883 plaudet
405 840 446 871 et
466 834 667 884 adpositas
688 840 851 884 sparget
871 837 913 870 in
933 848 999 871 ora
1020 848 1137 871 rosas.
1320 835 1371 872 40

162 910 208 941 tu
229 908 372 954 pinnas
393 919 565 954 gemma,
587 919 746 955 gemma
766 908 946 942 variante
968 905 1131 955 capillos

216 977 291 1013 ibis
311 979 352 1012 in
372 979 519 1013 auratis
539 990 681 1014 aureus
703 980 787 1027 ipse
808 980 916 1014 rotis.

162 1048 260 1079 tunc
281 1056 439 1093 quoque
460 1056 540 1079 non
561 1056 720 1093 paucos,
742 1046 773 1080 si
793 1048 835 1080 te
856 1044 960 1080 bene
982 1045 1176 1089 novimus,
1197 1055 1288 1080 ures
1305 1055 1314 1087 ;

216 1114 314 1145 tunc
335 1122 493 1159 quoque
514 1111 763 1158 praeteriens
784 1108 949 1145 vulnera
969 1108 1097 1145 multa
1116 1108 1240 1145 dabis.

164 1188 243 1211 non
264 1180 444 1224 possunt,
465 1174 561 1211 lieet
581 1177 666 1224 ipse
687 1174 799 1220 velis,
819 1187 972 1211 cessare
994 1177 1164 1224 sagittae
1184 1187 1192 1218 3
1318 1174 1368 1210 45

216 1239 369 1277 fervida
389 1243 519 1277 vicino
538 1240 696 1277 flamma
716 1254 861 1290 vapore
882 1245 1012 1278 nocet.

165 1306 253 1343 talis
274 1312 359 1343 erat
381 1306 533 1343 domita
555 1306 734 1343 Bacchus
757 1306 988 1356 Gangetide
1009 1311 1115 1343 terra
1132 1319 1140 1350 ;

216 1377 261 1409 tu
282 1375 411 1422 gravis
432 1372 608 1418 alitibus,
628 1373 799 1423 tigribus
819 1372 887 1409 ille
908 1371 996 1409 fuit.

163 1437 269 1487 Ergo
290 1451 382 1475 cum
402 1440 550 1487 possim
571 1441 669 1475 sacri
691 1451 780 1487 pars
802 1451 887 1474 esse
908 1437 1117 1486 triumphi,

215 1517 334 1553 parce
354 1509 443 1541 tuas
464 1507 505 1540 in
525 1517 590 1541 me
612 1504 796 1553 perdere,
816 1506 955 1549 victor,
977 1503 1096 1552 opes!
1318 1502 1368 1539 50

161 1569 324 1619 adspice
345 1573 506 1620 cognati
530 1569 662 1607 felicia
683 1570 860 1606 Caesaris
881 1582 1045 1605 arma—

217 1649 294 1686 qua
315 1638 426 1683 vicit,
446 1639 572 1674 victos
592 1638 772 1686 protegit
792 1635 860 1672 ille
880 1648 1013 1671 manu.

732 1808 794 1845 III

166 1915 284 1955 IUSTA
304 1930 444 1967 precor
462 1931 469 1954 ε
500 1930 601 1967 quae
622 1930 687 1953 me
708 1929 838 1965 nuper
857 1915 1047 1965 praedata
1069 1914 1202 1964 puella
1228 1919 1305 1960 est,

218 1989 288 2020 aut
308 1989 417 2020 amet
437 1988 506 2020 aut
526 1982 659 2028 faeiat,
680 1995 750 2019 cur
770 1995 846 2031 ego
866 1994 1025 2030 semper
1044 1993 1175 2017 amem
1193 1981 1200 2017 Ε

164 2068 242 2104 324
