1445 2297
703 71 842 109 OVID

169 180 303 214 omnia
323 177 542 215 conductor
563 178 703 222 solvit3
732 179 918 216 mercede
940 179 1068 216 soluta
1322 180 1371 216 45

223 254 304 277 non
325 246 463 278 manet
484 241 609 278 officio
630 241 790 278 debitor
809 241 876 279 ille
897 247 977 278 tuo.

169 306 334 352 parcite,
355 303 563 349 formosae,
585 307 760 354 pretium
780 318 851 354 pro
872 310 990 342 nocte
1012 307 1156 354 pacisci
1174 318 1183 349 3

223 379 303 402 non
324 366 448 403 habet
471 372 640 403 eventus
661 367 819 404 sordida
839 367 987 416 praeda
1007 368 1142 404 bonos.

170 442 251 465 non
272 428 350 465 fuit
370 429 543 465 armillas
563 432 668 466 tanti
688 432 889 479 pepigisse
906 429 917 452 ¹
941 429 1118 475 Sabinas,

224 496 269 527 ut
289 497 522 540 premerent
543 505 676 529 sacrae
696 495 861 542 virginis
880 505 989 528 arma
1009 498 1155 542 caput;
1321 493 1371 530 50

169 566 191 590 e
212 554 356 603 quibus
377 556 541 599 exierat,
562 557 722 591 traiecit
743 557 893 591 viscera
913 554 1018 591 ferro

223 615 337 661 filius,
359 621 401 653 et
419 629 574 665 poenae
594 630 711 653 causa
729 617 878 654 monile
900 616 987 654 fuit.

169 679 256 716 Nec
276 685 414 716 tamen
435 679 647 729 indignum
668 685 730 717 est
749 693 771 716 a
791 680 915 717 divite
935 683 1112 730 praemia
1132 683 1264 729 posci;

222 755 389 779 munera
408 745 591 792 poscenti
612 742 719 792 quod
740 742 835 780 dare
857 745 994 793 possit,
1015 743 1151 780 habet.

168 808 319 855 carpite
341 805 392 842 de
412 805 543 855 plenis
564 805 792 855 pendentes
812 807 958 843 vitibus
979 820 1073 843 uvas
1092 819 1100 849 ;
1321 806 1370 843 55

222 869 415 917 praebeat
436 868 594 904 Alcinoi
614 882 732 918 poma
752 869 951 918 benignus
971 869 1089 918 ager!

168 931 339 967 officium
359 943 512 980 pauper
531 936 717 967 numerat
737 931 996 982 studiumque
1017 931 1236 981 fidemque3

223 993 330 1043 quod
351 995 439 1043 quis
459 993 595 1039 habet,
618 993 806 1030 dominae
828 993 1009 1030 conferat
1029 1006 1148 1030 omne
1170 1006 1274 1030 suae.

170 1062 232 1093 est
253 1069 413 1106 quoque
435 1057 676 1093 carminibus
696 1059 861 1093 meritas
882 1056 1086 1093 celebrare
1107 1055 1262 1105 puellas

222 1119 293 1156 dos
313 1132 403 1155 mea
421 1131 430 1162 ;
460 1132 579 1168 quam
600 1119 718 1164 volui,
739 1125 835 1156 nota
855 1119 899 1156 fit
919 1124 1005 1156 arte
1026 1131 1125 1155 mea.
1322 1119 1371 1155 60

166 1181 402 1219 scindentur
421 1186 565 1227 vestes,
585 1195 768 1231 gemmae
788 1181 1027 1231 frangentur
1046 1186 1088 1218 et
1106 1194 1245 1217 aurum
1263 1194 1272 1225 ;

222 1247 397 1281 earmina
417 1258 535 1294 quam
556 1245 750 1290 tribuent,
772 1244 876 1281 fama
896 1247 1084 1294 perennis
1106 1247 1192 1281 erit.

169 1321 244 1344 nec
265 1307 373 1352 dare,
395 1307 465 1344 sed
486 1310 661 1357 pretium
682 1310 791 1357 posci
810 1307 1009 1357 dedignor
1029 1312 1071 1343 et
1091 1306 1156 1343 odi
1175 1319 1183 1350 3

223 1369 330 1420 quod
350 1383 456 1419 nego
476 1372 671 1419 poscenti,
692 1369 832 1406 desine
853 1368 969 1414 velle,
991 1368 1116 1405 dabo!

741 1523 799 1559 XI

168 1620 391 1656 COLLIGERE
410 1622 584 1656 incertos
605 1624 646 1656 et
666 1622 706 1655 in
726 1619 865 1656 ordine
885 1632 1035 1668 ponere
1056 1621 1184 1655 crines

222 1683 341 1719 docta
361 1695 492 1732 neque
513 1682 675 1718 ancillas
696 1685 802 1719 inter
822 1682 1007 1719 habenda
1028 1682 1156 1731 Nape,

255 1760 268 1779 ¹
292 1761 430 1802 eligisse
450 1761 497 1791 P:
524 1761 683 1802 tetigisse
703 1773 737 1792 5:
763 1761 937 1802 pepigisse
954 1760 1115 1792 sinistras
1131 1760 1180 1791 ed.
1199 1759 1292 1800 prin.

211 1850 227 1863 α
251 1843 324 1874 The
352 1842 477 1875 Vestal
503 1843 651 1885 Tarpeia
677 1843 786 1874 asked
811 1854 848 1874 as
876 1843 936 1874 the
958 1843 1053 1884 price
1078 1843 1114 1874 of
1145 1843 1206 1874 her
1232 1845 1371 1873 treason

169 1887 265 1918 what
297 1887 358 1918 the
390 1886 534 1919 Sabines
566 1887 635 1918 had
661 1898 705 1917 on
734 1887 826 1918 their
852 1887 916 1918 left
947 1897 1050 1922 arms,
1084 1886 1245 1926 meaning
1278 1884 1371 1916 their

168 1931 313 1962 armlets
337 1930 373 1961 of
396 1930 488 1971 gold,
508 1930 573 1962 but
596 1941 667 1962 was
692 1930 841 1962 crushed
865 1930 1016 1962 beneatrh
1044 1930 1105 1961 the
1128 1929 1260 1960 shields
1284 1928 1370 1971 they

169 1973 305 2005 carried
322 1974 433 2005 there.

172 2038 246 2084 362
