1409 2282
661 106 800 144 OVID

127 216 139 251 i
161 228 280 260 nunc,
302 214 399 251 tolle
420 217 572 250 animos
593 219 635 250 et
655 213 773 250 fortia
793 219 908 263 gesta
927 227 1092 251 recense
1109 227 1116 259 ;
1258 214 1332 251 105

183 290 262 327 quo
275 276 289 300 ¹
310 282 355 313 tu
376 289 458 313 non
479 289 596 321 esses,
618 279 703 313 iure
725 279 783 312 vir
803 276 870 312 illa
891 276 977 313 fuit.

128 353 206 390 qua
226 345 341 376 tanto
362 341 492 375 minor
512 351 565 384 es,
588 343 738 388 quanto
758 344 813 384 te,
834 341 1006 375 maxime
1028 352 1174 385 rerum,

183 416 303 453 quam
324 416 421 453 quos
443 404 586 447 vicisti,
607 404 767 438 vincere
788 404 914 438 maius
936 408 1032 439 erat.

128 465 187 502 illi
208 465 391 515 procedit
412 477 545 501 rerum
565 477 751 501 mensura
771 470 986 501 tuarum—

183 528 282 565 cede
303 529 417 565 bonis
434 541 442 572 3
472 527 589 564 heres
610 527 739 563 laudis
760 530 886 564 amica
907 533 1014 564 tuae.
1259 529 1333 564 110

129 605 152 628 0
174 591 302 642 pudor
320 592 327 628 !
358 591 502 627 hirsuti
524 593 643 627 costis
666 596 786 627 exuta
807 590 933 627 leonis

183 668 323 704 aspera
343 659 535 691 texerunt
555 653 704 689 vellera
723 653 844 690 molle
866 653 970 690 latus
991 655 997 691 1

130 717 280 753 falleris
302 721 344 753 et
365 718 631 752 nescis—non
653 721 747 752 sunt
768 716 892 765 spolia
914 716 980 752 illa
1000 716 1141 763 leonis,

183 780 254 817 sed
275 785 357 825 tua,
379 785 506 829 tuque
527 779 601 815 feri
624 782 750 815 victor
771 792 826 825 es,
848 779 914 815 illa
935 783 1005 816 tui.

130 843 281 880 femina
302 843 383 880 tela
404 842 499 879 tulit
522 842 711 879 Lernaeis
733 847 818 879 atra
839 846 1018 888 venenis,
1259 843 1332 879 115

184 906 289 943 ferre
310 918 473 955 gravem
493 905 584 941 lana
605 907 669 941 vix
690 907 784 942 satis
805 911 899 954 apta
919 905 1062 951 colum,

132 972 403 1018 instruxitque
425 981 588 1004 manum
610 968 719 1004 clava
740 968 951 1004 domitrice.
973 968 1160 1013 ferarum,

184 1032 285 1068 vidit
306 1037 347 1068 et
368 1034 408 1067 in
430 1031 592 1081 speculo
615 1033 794 1080 coniugis
815 1044 923 1067 arma
944 1034 1003 1068 sui
1024 1032 1030 1067 l

133 1095 248 1131 Haec
269 1100 407 1131 tamen
427 1093 631 1130 audieram
650 1106 658 1138 ;
688 1093 802 1130 licuit
822 1107 902 1130 nou
924 1093 1089 1130 credere
1111 1093 1256 1139 famae,

185 1160 227 1192 et
248 1157 360 1191 venit
381 1154 431 1191 ad
453 1167 591 1190 sensus
612 1153 741 1190 mollis
763 1154 813 1190 ab
833 1167 926 1191 aure
948 1153 1115 1190 dolor—
1158 1141 1167 1149 ⁴
1260 1154 1333 1190 120

79 1208 85 1209 ⁷
129 1220 224 1252 ante
245 1228 354 1251 meos
375 1214 509 1251 oeulos
529 1214 742 1250 adducitur
761 1214 915 1250 advena
936 1214 1090 1263 paelex,

187 1288 262 1312 nec
282 1275 394 1321 mihi,
416 1287 517 1324 quae
539 1276 682 1323 patior,
705 1274 956 1310 dissimulare
978 1274 1097 1311 licet!

130 1349 211 1372 11011
232 1338 326 1372 sinis
347 1337 474 1371 averti
492 1347 500 1378 ;
530 1334 705 1371 mediam
726 1337 882 1383 captiva
903 1347 975 1383 per
995 1335 1135 1371 urbem

184 1399 318 1432 invitis
339 1395 462 1432 oculis
482 1394 741 1443 adspicienda
760 1397 881 1431 venit.

130 1469 205 1493 nec
226 1459 337 1492 venit
357 1455 518 1491 incultis
539 1459 744 1503 captarum
764 1468 874 1491 more
895 1455 1059 1504 capillis,
1257 1455 1330 1491 125

186 1516 388 1553 fortunam
410 1515 521 1552 vultu
543 1515 645 1551 fassa
664 1515 837 1551 decente
852 1514 866 1538 2
886 1528 999 1551 suam
1019 1528 1026 1557 ;

133 1576 362 1626 ingreditur
381 1576 462 1612 late
483 1576 565 1612 lato
587 1575 815 1624 spectabilis
837 1588 944 1619 auro,

189 1636 362 1687 qualiter
382 1639 424 1672 in
447 1635 620 1685 Phrygia
640 1640 685 1671 tu
707 1648 866 1685 quoque
889 1635 1020 1671 cultus
1043 1648 1139 1672 eras.

132 1697 203 1734 dat
223 1697 379 1734 vultum
399 1696 547 1746 populo
569 1695 749 1732 sublimis
770 1701 816 1732 ut
830 1694 845 1719 3
867 1695 1046 1732 Hercule
1069 1698 1197 1738 vict0;

188 1757 422 1794 Oechaliam
442 1759 530 1792 vivo
551 1761 655 1793 stare
676 1761 844 1806 parente
866 1761 994 1805 putes.
1259 1754 1334 1791 130

177 1836 187 1854 ¹
211 1847 281 1877 quo
301 1836 382 1868 Pa.:
401 1846 503 1876 quem
522 1836 567 1876 Pl
583 1848 588 1866 :
619 1835 712 1876 quod
730 1835 777 1876 ΡΞ
789 1835 818 1865 G'
830 1849 851 1866 ω
867 1847 873 1866 z
899 1845 1004 1876 quom
1023 1835 1142 1866 ilIctdv.

177 1880 189 1898 2
212 1882 256 1911 So
275 1890 339 1910 van
358 1880 516 1919 Lennep:
543 1879 644 1910 vultu
663 1879 755 1910 fassa
773 1883 915 1920 tegente
933 1878 976 1909 P.

176 1924 188 1942 ³
211 1923 256 1955 So
272 1923 368 1963 early
381 1922 534 1960 editions,
554 1922 644 1953 Plan
659 1936 665 1954 :
692 1922 840 1953 sublime
856 1923 920 1953 sub
937 1921 1089 1952 Hercule
1104 1922 1198 1952 victo
1216 1921 1245 1952 P
1257 1921 1285 1952 G
1297 1936 1329 1952 ω.

675 2007 689 2020 ‘¹
714 2000 796 2032 Iole.

139 2065 212 2101 116
