1445 2297
703 66 842 107 OVID

170 174 239 211 Vis
260 180 395 212 tamen
416 178 571 212 interea
592 175 728 212 faciles
747 188 947 211 arcessere
969 176 1138 212 ventos?

222 254 320 290 quos
342 240 462 276 faciet
483 246 617 276 nostra
638 245 747 276 mota
767 240 916 276 tabella
937 254 1068 276 11131111.

167 319 219 342 311
239 309 366 355 magis
387 305 451 341 hic
471 319 585 342 meus
606 311 668 342 est
687 307 823 351 animi,
844 319 924 341 non
944 308 1045 341 aeris
1065 310 1212 351 aestus,

223 376 419 421 captaque
441 371 639 408 femineus
660 376 824 420 pectora
846 376 974 407 torret
993 372 1132 407 amor?
1322 371 1372 408 40

169 437 265 473 dum
285 437 438 487 loquor,
458 436 548 473 alba
568 437 647 474 levi
667 450 802 485 sparsa
823 441 884 473 est
903 437 977 473 tibi
998 436 1163 486 pulvere
1183 439 1315 473 vestis.

224 502 383 539 sordide
404 502 455 539 de
476 505 594 539 niveo
615 515 779 551 corpore
800 502 930 551 pulvis
949 503 1014 538 abi
1034 503 1040 539 !

169 568 249 605 Sed
270 571 347 605 iam
368 582 513 618 pompa
533 567 848 617 venit—linguis
868 570 1090 617 animisque
1111 567 1244 605 favete
1261 568 1268 604 !

221 640 382 684 tempus
402 634 518 671 adest
538 634 874 683 plausus—aurea
893 647 1039 683 pompa
1059 637 1181 671 venit.

168 703 294 749 prima
314 701 401 737 loco
421 700 549 737 fertur
568 702 691 749 passis
712 699 887 736 Victoria
908 702 1095 748 pinnis—
1323 701 1372 736 45

222 766 300 802 huc
320 766 416 803 ades
437 771 479 803 et
498 779 611 802 meus
631 765 696 801 hic
716 764 792 811 fac,
812 765 900 810 dea,
921 768 1055 802 vincat
1073 767 1206 803 amor!

166 831 346 881 plaudite
370 832 574 881 Neptuno,
596 834 763 867 nimium
784 833 851 881 qui
873 831 1036 868 creditis
1056 831 1173 868 undis
1191 832 1198 868 l

221 897 277 933 nil
298 897 396 933 mihi
417 911 508 933 011111
528 897 673 947 pelago
692 910 700 939 ;
730 910 794 933 1110
816 910 905 933 mea
926 902 1033 934 terra
1054 900 1170 947 capit.

167 960 313 1010 plaude
334 966 404 997 tuo
427 960 562 1006 Marti,
582 960 719 996 miles!
750 973 822 996 nos
842 960 998 997 odimus
1018 974 1150 1005 arma3

220 1037 297 1073 pax
318 1026 427 1060 iuvat
447 1028 489 1059 et
509 1023 642 1060 media
662 1036 760 1072 pace
781 1028 966 1072 repertus
986 1036 1106 1060 amor.
1321 1024 1372 1060 50

165 1087 382 1136 auguribus
405 1085 602 1131 Phoebus,
626 1085 788 1122 Phoebe
812 1087 1049 1122 venantibus
1069 1086 1196 1123 adsit!

221 1149 392 1186 artifices
413 1152 454 1185 111
473 1154 516 1186 te
537 1154 663 1194 verte,
688 1149 882 1195 Minerva,
902 1163 1043 1186 manus
1061 1150 1068 1186 !

166 1212 358 1249 ruricolae
381 1212 515 1249 Cereri
535 1217 758 1262 teneroque
778 1212 984 1262 adsurgite
1006 1212 1186 1249 Baccho!

221 1275 425 1313 Pollucem
446 1275 616 1325 pugiles,
639 1275 801 1312 Castora
821 1275 955 1325 placet
975 1289 1098 1326 eques
1116 1276 1123 1312 !

167 1352 238 1376 nos
258 1339 344 1385 tibi,
367 1338 513 1375 blanda
534 1339 683 1384 Venus,
705 1341 920 1388 puerisque
940 1339 1174 1388 potentibus
1194 1352 1285 1375 arcu
1320 1339 1369 1375 55

219 1401 446 1451 plaudimus
462 1414 470 1445 ;
500 1404 672 1450 inceptis
691 1401 838 1447 adnue,
859 1401 963 1447 diva,
982 1404 1082 1438 meis

167 1465 297 1514 daque
319 1464 471 1500 novael
493 1469 674 1500 mentem
695 1463 903 1501 dominae!
935 1467 1110 1513 patiatur
1129 1464 1274 1501 amari!

221 1527 378 1563 Adnuit
394 1532 436 1563 et
455 1532 567 1564 motu
588 1530 702 1576 signa
722 1526 897 1563 secunda
917 1526 1043 1564 dedit.

166 1590 272 1640 quod
294 1589 369 1626 dea
389 1592 584 1639 promisit,
605 1592 815 1638 promittas
835 1592 931 1638 ipsa,
952 1603 1137 1639 rogamus
1156 1603 1164 1634 3

221 1667 318 1703 pace
339 1653 477 1703 loquar
498 1653 678 1697 Veneris,
699 1658 743 1689 tu
769 1652 844 1689 dea
863 1656 988 1689 maior
1008 1656 1095 1690 eris.
1318 1654 1368 1690 60

168 1730 239 1766 per
258 1717 332 1753 tibi
353 1721 416 1753 tot
435 1719 521 1752 iuro
539 1721 666 1752 testes
686 1729 953 1766 pompamque
973 1716 1153 1761 deorum,

220 1785 263 1816 te
284 1779 486 1816 dominam
507 1779 620 1815 nobis
640 1784 801 1828 tempus
821 1781 862 1814 in
882 1792 1000 1815 omne
1021 1782 1105 1828 peti
1124 1779 1130 1815 l

429 1857 438 1876 ¹
464 1868 575 1889 novae
593 1857 648 1889 Ρς
663 1869 670 1889 :
695 1867 822 1888 novam
839 1867 945 1897 many
961 1857 1065 1888 MSS.

210 1942 225 1955 α
250 1935 496 1977 Immediately
519 1935 637 1966 before
664 1935 724 1966 the
752 1946 847 1967 races
869 1935 930 1966 the
955 1935 1040 1977 gods
1057 1946 1147 1966 were
1175 1934 1309 1966 carried
1333 1935 1368 1966 in

167 1980 364 2021 procession
381 1978 489 2010 about
505 1979 567 2010 the
583 1989 713 2010 course.

165 2049 242 2085 452
