1445 2297
680 107 820 144 OVID

145 211 258 248 laeva
304 226 458 258 manus,
508 216 570 249 cui
618 227 726 249 nunc
773 227 906 251 serum
943 214 1047 251 male
1087 218 1276 252 convenit

252 289 405 321 aurum,

199 346 312 378 scuta
332 341 451 385 tulit;
481 342 665 379 dextram
686 348 1034 392 tange—cruenta
1054 342 1131 380 fuit
1149 344 1156 380 !

1308 279 1355 315 15

149 419 227 456 qua
249 409 370 456 periit
391 407 546 458 aliquis,
569 413 685 457 potes
706 408 810 445 hanc
831 411 1067 458 contingere
1088 409 1272 446 dextram
1289 411 1303 445 ?

198 472 290 518 hen,
312 474 379 509 ubi
399 473 588 511 mollities
608 477 782 524 pectoris
801 474 869 511 illa
888 476 975 511 tui?

144 551 264 575 cerne
285 541 501 585 cicatrices,
524 542 670 576 veteris
691 542 860 589 vestigia
879 553 1097 589 pugnae—

197 607 423 654 quaesitum
445 610 506 641 est
527 605 583 641 illi
605 618 782 654 corpore,
803 605 999 656 quidquid
1020 605 1153 643 habet.

142 669 309 706 forsitan
330 675 384 715 et,
406 673 592 720 quotiens
614 671 819 708 hominem
838 671 1092 721 iugulaverit,
1114 671 1180 708 ille

196 735 372 772 indicet!
402 736 477 773 hoc
499 736 619 773 fassas
639 740 785 786 tangis,
806 751 933 783 avara,
954 739 1123 775 manus?

142 801 209 837 ille
231 815 307 851 ego
329 802 535 839 Musarum
556 816 677 852 purus
701 803 932 854 Phoebique
954 804 1136 841 sacerdos

196 867 246 904 ad
268 868 414 917 rigidas
435 874 553 905 canto
574 882 735 905 carmen
756 872 874 906 inane
896 869 1028 907 fores?

142 933 297 979 discite,
320 937 387 984 qui
409 937 558 983 sapitis,
580 948 661 971 non
682 948 784 985 quae
805 949 877 972 nos
898 938 1042 973 scimus
1063 939 1225 982 inertes,

198 999 269 1036 sed
290 1000 469 1049 trepidas
490 1003 594 1037 acies
616 1006 658 1037 et
679 1000 763 1037 fera
784 1007 912 1038 castra
933 1005 1045 1052 sequi

142 1078 294 1115 proque
316 1066 421 1102 bono
442 1079 556 1103 versu
578 1069 751 1116 primum
772 1066 962 1104 deducite
983 1067 1109 1117 pilum
1127 1068 1134 1104 1

196 1130 271 1166 hoc
291 1132 377 1177 tibi,
400 1134 430 1169 si
452 1132 588 1178 velles,
610 1138 757 1182 posset,
781 1133 975 1179 Homere,
997 1133 1092 1170 dari.

142 1196 337 1246 Iuppiter,
359 1198 587 1235 admonitus
608 1198 707 1234 nihil
729 1212 815 1235 esse
836 1202 1043 1248 potentius
1063 1213 1170 1245 aum,

195 1269 405 1312 corruptae
427 1267 602 1313 pretium
624 1267 788 1314 virginis
808 1267 893 1314 ipse
915 1264 1002 1302 fuit.

141 1328 238 1364 dum
259 1343 412 1367 merces
433 1331 583 1376 aberat,
605 1330 727 1367 durus
749 1336 875 1380 pater,
897 1334 981 1380 ipsa
1002 1345 1150 1377 severa,

195 1398 319 1432 aerati
342 1402 489 1445 postes,
513 1396 643 1433 ferrea
663 1399 783 1433 turris
806 1402 916 1441 erat3

141 1461 211 1498 sed
232 1467 444 1511 postquam
465 1465 623 1511 sapiens
644 1465 685 1498 in
705 1476 872 1499 munera
892 1465 1004 1500 venit
1024 1463 1195 1508 adulter,

193 1529 379 1576 praebuit
399 1531 483 1577 ipsa
503 1531 612 1565 sinus
633 1534 675 1565 et
695 1528 790 1565 dare
811 1531 914 1566 iussa
934 1529 1058 1565 dedit.

139 1598 181 1629 at
201 1606 292 1629 cum
313 1606 438 1642 regna
458 1607 581 1631 senex
603 1594 702 1631 caeli
724 1594 918 1631 Saturnus
939 1594 1120 1640 haberet,

193 1671 311 1695 omne
332 1658 487 1695 lucrum
507 1660 686 1696 tenebris
706 1659 787 1696 alta
807 1661 1017 1709 premebat
1037 1660 1192 1696 hunius.

137 1737 311 1774 aeraque
333 1730 376 1761 et
396 1730 612 1774 argentum
633 1739 805 1775 cumque
826 1739 922 1762 auro
942 1726 1122 1775 pondera
1142 1725 1237 1763 ferri

194 1791 377 1827 manibus
399 1791 594 1836 admorat,
616 1791 807 1841 nullaque
827 1805 955 1828 massa
975 1791 1062 1829 fuit.

141 1861 182 1892 at
202 1856 367 1892 meliora
387 1856 685 1893 dabat—curvo
706 1860 791 1894 sine
812 1870 972 1894 vomere
993 1857 1129 1907 fruges

193 1935 391 1971 pomaque
413 1927 455 1959 et
475 1925 515 1958 in
537 1936 687 1972 quercu
707 1922 828 1960 mella
849 1928 1009 1972 reperta
1029 1937 1134 1960 cava.

355 2028 371 2041 α
395 2021 468 2052 The
486 2021 598 2063 badge
622 2021 658 2053 of
673 2033 717 2053 an
734 2033 848 2063 eques.
958 2023 970 2042 ²⁷
993 2022 1122 2055 Danae.

137 2085 214 2129 476

1300 1267 1351 1302 30

1298 1594 1347 1630 35

1294 1924 1345 1960 40
