<?xml version="1.0" encoding="UTF-8"?>
<!DOCTYPE html PUBLIC "-//W3C//DTD XHTML 1.0 Transitional//EN"
    "http://www.w3.org/TR/xhtml1/DTD/xhtml1-transitional.dtd">
<html xmlns="http://www.w3.org/1999/xhtml" xml:lang="en" lang="en">
 <head>
  <title>
</title>
<meta http-equiv="Content-Type" content="text/html;charset=utf-8" />
  <meta name='ocr-system' content='tesseract 3.04.00' />
  <meta name='ocr-capabilities' content='ocr_page ocr_carea ocr_par ocr_line ocrx_word'/>
</head>
<body>
  <div class='ocr_page' id='page_1' title='image "./heroidesamores00ovid_0100.png"; bbox 0 0 1409 2282; ppageno 0'>
   <div class='ocr_carea' id='block_1_1' title="bbox 676 118 816 156">
    <p class='ocr_par' dir='ltr' id='par_1_1' title="bbox 676 118 816 156">
     <span class='ocr_line' id='line_1_1' title="bbox 676 118 816 156; baseline -0.014 0"><span class='ocrx_word' id='word_1_1' title='bbox 676 118 816 156; x_wconf 88' lang='lat' dir='ltr'>OVID</span> 
     </span>
    </p>
   </div>
   <div class='ocr_carea' id='block_1_2' title="bbox 133 223 1345 1987">
    <p class='ocr_par' dir='ltr' id='par_1_2' title="bbox 141 223 1345 345">
     <span class='ocr_line' id='line_1_2' title="bbox 141 223 1261 276; baseline 0.004 -17"><span class='ocrx_word' id='word_1_2' title='bbox 141 228 212 260; x_wconf 86' lang='lat' dir='ltr'>aut</span> <span class='ocrx_word' id='word_1_3' title='bbox 233 236 354 269; x_wconf 82' lang='lat' dir='ltr'>mare,</span> <span class='ocrx_word' id='word_1_4' title='bbox 376 223 493 273; x_wconf 84' lang='lat' dir='ltr'>quale</span> <span class='ocrx_word' id='word_1_5' title='bbox 515 223 626 260; x_wconf 85' lang='lat' dir='ltr'>vides</span> <span class='ocrx_word' id='word_1_6' title='bbox 646 227 789 273; x_wconf 78' lang='lat' dir='ltr'>agitari</span> <span class='ocrx_word' id='word_1_7' title='bbox 811 238 917 261; x_wconf 88' lang='lat' dir='ltr'>nunc</span> <span class='ocrx_word' id='word_1_8' title='bbox 938 238 1097 276; x_wconf 90' lang='lat' dir='ltr'>quoque</span> <span class='ocrx_word' id='word_1_9' title='bbox 1118 229 1261 272; x_wconf 83' lang='lat' dir='ltr'>ventis,</span> 
     </span>
     <span class='ocr_line' id='line_1_3' title="bbox 197 294 1345 345; baseline 0.003 -15"><span class='ocrx_word' id='word_1_10' title='bbox 197 308 275 344; x_wconf 88' lang='lat' dir='ltr'>quo</span> <span class='ocrx_word' id='word_1_11' title='bbox 296 300 433 330; x_wconf 86' lang='lat' dir='ltr'>tamen</span> <span class='ocrx_word' id='word_1_12' title='bbox 455 294 629 331; x_wconf 82' lang='lat' dir='ltr'>adversis</span> <span class='ocrx_word' id='word_1_13' title='bbox 650 294 835 331; x_wconf 87' lang='lat' dir='ltr'>fluctibus</span> <span class='ocrx_word' id='word_1_14' title='bbox 856 298 912 332; x_wconf 91' lang='lat' dir='ltr'>ire</span> <span class='ocrx_word' id='word_1_15' title='bbox 934 309 1056 345; x_wconf 85' lang='lat' dir='ltr'>paras.</span> <span class='ocrx_word' id='word_1_16' title='bbox 1295 298 1345 334; x_wconf 84' lang='lat'>40</span> 
     </span>
    </p>

    <p class='ocr_par' dir='ltr' id='par_1_3' title="bbox 142 366 1331 488">
     <span class='ocr_line' id='line_1_4' title="bbox 142 366 1331 418; baseline 0.003 -16"><span class='ocrx_word' id='word_1_17' title='bbox 142 379 220 416; x_wconf 93' lang='lat' dir='ltr'>quo</span> <span class='ocrx_word' id='word_1_18' title='bbox 241 366 345 415; x_wconf 82' lang='lat' dir='ltr'>fugis</span> <span class='ocrx_word' id='word_1_19' title='bbox 362 367 376 402; x_wconf 90' lang='lat'>?</span> <span class='ocrx_word' id='word_1_20' title='bbox 407 367 542 402; x_wconf 84' lang='lat' dir='ltr'>obstat</span> <span class='ocrx_word' id='word_1_21' title='bbox 562 366 728 415; x_wconf 82' lang='lat' dir='ltr'>hiemps.</span> <span class='ocrx_word' id='word_1_22' title='bbox 752 366 894 403; x_wconf 88' lang='lat' dir='ltr'>hiemis</span> <span class='ocrx_word' id='word_1_23' title='bbox 914 367 1013 403; x_wconf 87' lang='lat' dir='ltr'>mihi</span> <span class='ocrx_word' id='word_1_24' title='bbox 1033 370 1161 417; x_wconf 83' lang='lat' dir='ltr'>gratia</span> <span class='ocrx_word' id='word_1_25' title='bbox 1180 371 1305 418; x_wconf 83' lang='lat' dir='ltr'>prosit</span> <span class='ocrx_word' id='word_1_26' title='bbox 1324 386 1331 406; x_wconf 63' lang='lat' dir='ltr'>a</span> 
     </span>
     <span class='ocr_line' id='line_1_5' title="bbox 196 438 1130 488; baseline 0.002 -14"><span class='ocrx_word' id='word_1_27' title='bbox 196 438 370 487; x_wconf 80' lang='lat' dir='ltr'><strong>adspice,</strong></span> <span class='ocrx_word' id='word_1_28' title='bbox 392 443 437 474; x_wconf 90' lang='lat' dir='ltr'>ut</span> <span class='ocrx_word' id='word_1_29' title='bbox 459 451 615 474; x_wconf 84' lang='lat' dir='ltr'>eversas</span> <span class='ocrx_word' id='word_1_30' title='bbox 636 440 813 475; x_wconf 84' lang='lat' dir='ltr'>concitet</span> <span class='ocrx_word' id='word_1_31' title='bbox 834 438 962 475; x_wconf 86' lang='lat' dir='ltr'><strong>Eurus</strong></span> <span class='ocrx_word' id='word_1_32' title='bbox 982 452 1103 488; x_wconf 83' lang='lat' dir='ltr'>aquas</span> <span class='ocrx_word' id='word_1_33' title='bbox 1123 440 1130 476; x_wconf 73' lang='grc' dir='ltr'>ἔ</span> 
     </span>
    </p>

    <p class='ocr_par' dir='ltr' id='par_1_4' title="bbox 142 509 1183 617">
     <span class='ocr_line' id='line_1_6' title="bbox 142 509 1183 559; baseline 0.001 -13"><span class='ocrx_word' id='word_1_34' title='bbox 142 509 248 559; x_wconf 89' lang='lat' dir='ltr'>quod</span> <span class='ocrx_word' id='word_1_35' title='bbox 269 510 343 546; x_wconf 85' lang='lat' dir='ltr'>tibi</span> <span class='ocrx_word' id='word_1_36' title='bbox 363 509 593 554; x_wconf 82' lang='lat' dir='ltr'>malueram,</span> <span class='ocrx_word' id='word_1_37' title='bbox 616 511 700 545; x_wconf 89' lang='lat' dir='ltr'>sine</span> <span class='ocrx_word' id='word_1_38' title='bbox 721 522 786 545; x_wconf 90' lang='lat' dir='ltr'>me</span> <span class='ocrx_word' id='word_1_39' title='bbox 806 509 955 546; x_wconf 91' lang='lat' dir='ltr'>debere</span> <span class='ocrx_word' id='word_1_40' title='bbox 977 510 1183 559; x_wconf 84' lang='lat' dir='ltr'>procellis;</span> 
     </span>
     <span class='ocr_line' id='line_1_7' title="bbox 196 580 1026 617; baseline 0 0"><span class='ocrx_word' id='word_1_41' title='bbox 196 583 336 617; x_wconf 87' lang='lat' dir='ltr'>iustior</span> <span class='ocrx_word' id='word_1_42' title='bbox 356 585 418 617; x_wconf 89' lang='lat' dir='ltr'>est</span> <span class='ocrx_word' id='word_1_43' title='bbox 438 583 570 616; x_wconf 88' lang='lat' dir='ltr'>animo</span> <span class='ocrx_word' id='word_1_44' title='bbox 591 585 735 617; x_wconf 87' lang='lat' dir='ltr'>ventus</span> <span class='ocrx_word' id='word_1_45' title='bbox 756 586 798 617; x_wconf 88' lang='lat' dir='ltr'>et</span> <span class='ocrx_word' id='word_1_46' title='bbox 819 580 926 617; x_wconf 88' lang='lat' dir='ltr'>unda</span> <span class='ocrx_word' id='word_1_47' title='bbox 946 586 1026 617; x_wconf 89' lang='lat' dir='ltr'>tuo.</span> 
     </span>
    </p>

    <p class='ocr_par' dir='ltr' id='par_1_5' title="bbox 142 651 1341 773">
     <span class='ocr_line' id='line_1_8' title="bbox 142 651 1341 703; baseline 0.001 -15"><span class='ocrx_word' id='word_1_48' title='bbox 142 652 233 688; x_wconf 90' lang='lat' dir='ltr'>Non</span> <span class='ocrx_word' id='word_1_49' title='bbox 255 665 330 701; x_wconf 80' lang='lat' dir='ltr'>ego</span> <span class='ocrx_word' id='word_1_50' title='bbox 350 665 437 688; x_wconf 86' lang='lat' dir='ltr'>sum</span> <span class='ocrx_word' id='word_1_51' title='bbox 457 651 714 701; x_wconf 79' lang='lat' dir='ltr'>tanti—quid</span> <span class='ocrx_word' id='word_1_52' title='bbox 735 665 815 688; x_wconf 91' lang='lat' dir='ltr'>non</span> <span class='ocrx_word' id='word_1_53' title='bbox 836 655 1009 689; x_wconf 86' lang='lat' dir='ltr'>censeris</span> <span class='ocrx_word' id='word_1_54' title='bbox 1030 655 1166 703; x_wconf 90' lang='lat' dir='ltr'>inique</span> <span class='ocrx_word' id='word_1_55' title='bbox 1184 653 1252 688; x_wconf 88' lang='lat'>?—</span> <span class='ocrx_word' id='word_1_56' title='bbox 1293 654 1341 689; x_wconf 83' lang='lat'>45</span> 
     </span>
     <span class='ocr_line' id='line_1_9' title="bbox 195 722 1106 773; baseline 0.001 -14"><span class='ocrx_word' id='word_1_57' title='bbox 195 728 240 759; x_wconf 88' lang='lat' dir='ltr'>ut</span> <span class='ocrx_word' id='word_1_58' title='bbox 261 736 413 772; x_wconf 86' lang='lat' dir='ltr'>pereas,</span> <span class='ocrx_word' id='word_1_59' title='bbox 435 723 530 759; x_wconf 90' lang='lat' dir='ltr'>dum</span> <span class='ocrx_word' id='word_1_60' title='bbox 552 736 616 759; x_wconf 89' lang='lat' dir='ltr'>me</span> <span class='ocrx_word' id='word_1_61' title='bbox 637 736 708 772; x_wconf 89' lang='lat' dir='ltr'>per</span> <span class='ocrx_word' id='word_1_62' title='bbox 729 722 832 759; x_wconf 79' lang='lat' dir='ltr'>freta</span> <span class='ocrx_word' id='word_1_63' title='bbox 852 723 971 773; x_wconf 84' lang='lat' dir='ltr'>longa</span> <span class='ocrx_word' id='word_1_64' title='bbox 991 723 1106 773; x_wconf 86' lang='lat' dir='ltr'>fugis.</span> 
     </span>
    </p>

    <p class='ocr_par' dir='ltr' id='par_1_6' title="bbox 140 794 1092 911">
     <span class='ocr_line' id='line_1_10' title="bbox 140 794 1092 844; baseline -0.001 -13"><span class='ocrx_word' id='word_1_65' title='bbox 140 808 302 831; x_wconf 78' lang='lat' dir='ltr'>exerces</span> <span class='ocrx_word' id='word_1_66' title='bbox 323 797 497 843; x_wconf 87' lang='lat' dir='ltr'>pretiosa</span> <span class='ocrx_word' id='word_1_67' title='bbox 517 794 607 830; x_wconf 83' lang='lat' dir='ltr'>odia</span> <span class='ocrx_word' id='word_1_68' title='bbox 627 799 669 830; x_wconf 91' lang='lat' dir='ltr'>et</span> <span class='ocrx_word' id='word_1_69' title='bbox 689 797 913 832; x_wconf 83' lang='lat' dir='ltr'>constantia</span> <span class='ocrx_word' id='word_1_70' title='bbox 933 808 1092 844; x_wconf 84' lang='lat' dir='ltr'>magno,</span> 
     </span>
     <span class='ocr_line' id='line_1_11' title="bbox 193 866 1015 911; baseline 0 -9"><span class='ocrx_word' id='word_1_71' title='bbox 193 869 239 911; x_wconf 82' lang='lat' dir='ltr'>si,</span> <span class='ocrx_word' id='word_1_72' title='bbox 260 866 356 903; x_wconf 88' lang='lat' dir='ltr'>dum</span> <span class='ocrx_word' id='word_1_73' title='bbox 377 880 441 903; x_wconf 91' lang='lat' dir='ltr'>me</span> <span class='ocrx_word' id='word_1_74' title='bbox 464 879 609 911; x_wconf 82' lang='lat' dir='ltr'>careas,</span> <span class='ocrx_word' id='word_1_75' title='bbox 632 871 693 903; x_wconf 87' lang='lat' dir='ltr'>est</span> <span class='ocrx_word' id='word_1_76' title='bbox 714 867 787 902; x_wconf 87' lang='lat' dir='ltr'>tibi</span> <span class='ocrx_word' id='word_1_77' title='bbox 809 866 885 902; x_wconf 85' lang='lat' dir='ltr'>vile</span> <span class='ocrx_word' id='word_1_78' title='bbox 906 869 1015 902; x_wconf 89' lang='lat' dir='ltr'>mori.</span> 
     </span>
    </p>

    <p class='ocr_par' dir='ltr' id='par_1_7' title="bbox 138 937 1340 1058">
     <span class='ocr_line' id='line_1_12' title="bbox 138 937 1133 987; baseline 0 -14"><span class='ocrx_word' id='word_1_79' title='bbox 138 940 216 974; x_wconf 88' lang='lat' dir='ltr'>iarn</span> <span class='ocrx_word' id='word_1_80' title='bbox 237 940 349 974; x_wconf 86' lang='lat' dir='ltr'>venti</span> <span class='ocrx_word' id='word_1_81' title='bbox 370 943 536 986; x_wconf 75' lang='lat' dir='ltr'>ponent,</span> <span class='ocrx_word' id='word_1_82' title='bbox 559 942 763 987; x_wconf 85' lang='lat' dir='ltr'>strataque</span> <span class='ocrx_word' id='word_1_83' title='bbox 784 937 1005 987; x_wconf 86' lang='lat' dir='ltr'>aequaliter</span> <span class='ocrx_word' id='word_1_84' title='bbox 1024 937 1133 974; x_wconf 86' lang='lat' dir='ltr'>unda</span> 
     </span>
     <span class='ocr_line' id='line_1_13' title="bbox 191 1008 1340 1058; baseline -0.002 -12"><span class='ocrx_word' id='word_1_85' title='bbox 191 1009 383 1046; x_wconf 84' lang='lat' dir='ltr'>caeruleis</span> <span class='ocrx_word' id='word_1_86' title='bbox 405 1008 546 1045; x_wconf 79' lang='lat' dir='ltr'>Triton</span> <span class='ocrx_word' id='word_1_87' title='bbox 567 1022 639 1058; x_wconf 86' lang='lat' dir='ltr'>per</span> <span class='ocrx_word' id='word_1_88' title='bbox 659 1022 768 1045; x_wconf 87' lang='lat' dir='ltr'>mare</span> <span class='ocrx_word' id='word_1_89' title='bbox 790 1013 923 1045; x_wconf 90' lang='lat' dir='ltr'>curret</span> <span class='ocrx_word' id='word_1_90' title='bbox 945 1011 1067 1058; x_wconf 89' lang='lat' dir='ltr'>equis.</span> <span class='ocrx_word' id='word_1_91' title='bbox 1290 1008 1340 1045; x_wconf 83' lang='lat'>50</span> 
     </span>
    </p>

    <p class='ocr_par' dir='ltr' id='par_1_8' title="bbox 136 1079 1178 1198">
     <span class='ocr_line' id='line_1_14' title="bbox 136 1079 1178 1131; baseline -0.002 -14"><span class='ocrx_word' id='word_1_92' title='bbox 136 1086 181 1117; x_wconf 88' lang='lat' dir='ltr'>tu</span> <span class='ocrx_word' id='word_1_93' title='bbox 202 1094 361 1131; x_wconf 89' lang='lat' dir='ltr'>quoque</span> <span class='ocrx_word' id='word_1_94' title='bbox 383 1094 473 1116; x_wconf 90' lang='lat' dir='ltr'>cum</span> <span class='ocrx_word' id='word_1_95' title='bbox 494 1082 625 1117; x_wconf 88' lang='lat' dir='ltr'>ventis</span> <span class='ocrx_word' id='word_1_96' title='bbox 647 1082 801 1116; x_wconf 79' lang='lat' dir='ltr'>utinam</span> <span class='ocrx_word' id='word_1_97' title='bbox 822 1079 1025 1116; x_wconf 80' lang='lat' dir='ltr'>mutabilis</span> <span class='ocrx_word' id='word_1_98' title='bbox 1047 1091 1152 1116; x_wconf 86' lang='lat' dir='ltr'>esses</span> <span class='ocrx_word' id='word_1_99' title='bbox 1171 1079 1178 1114; x_wconf 74' lang='lat' dir='ltr'>l</span> 
     </span>
     <span class='ocr_line' id='line_1_15' title="bbox 191 1152 934 1198; baseline -0.003 -9"><span class='ocrx_word' id='word_1_100' title='bbox 191 1158 245 1198; x_wconf 81' lang='lat' dir='ltr'>et,</span> <span class='ocrx_word' id='word_1_101' title='bbox 266 1155 341 1189; x_wconf 91' lang='lat' dir='ltr'>nisi</span> <span class='ocrx_word' id='word_1_102' title='bbox 362 1152 509 1189; x_wconf 87' lang='lat' dir='ltr'>duritia</span> <span class='ocrx_word' id='word_1_103' title='bbox 529 1152 669 1188; x_wconf 88' lang='lat' dir='ltr'>robora</span> <span class='ocrx_word' id='word_1_104' title='bbox 689 1154 826 1197; x_wconf 82' lang='lat' dir='ltr'>vincis,</span> <span class='ocrx_word' id='word_1_105' title='bbox 848 1153 934 1188; x_wconf 90' lang='lat' dir='ltr'>eris.</span> 
     </span>
    </p>

    <p class='ocr_par' dir='ltr' id='par_1_9' title="bbox 137 1217 1188 1333">
     <span class='ocr_line' id='line_1_16' title="bbox 137 1217 1188 1267; baseline -0.002 -13"><span class='ocrx_word' id='word_1_106' title='bbox 137 1217 246 1267; x_wconf 84' lang='lat' dir='ltr'>quid,</span> <span class='ocrx_word' id='word_1_107' title='bbox 268 1220 299 1254; x_wconf 89' lang='lat' dir='ltr'>si</span> <span class='ocrx_word' id='word_1_108' title='bbox 320 1220 507 1263; x_wconf 77' lang='lat' dir='ltr'>nescires,</span> <span class='ocrx_word' id='word_1_109' title='bbox 528 1220 666 1253; x_wconf 83' lang='lat' dir='ltr'>insana</span> <span class='ocrx_word' id='word_1_110' title='bbox 687 1217 782 1267; x_wconf 89' lang='lat' dir='ltr'>quid</span> <span class='ocrx_word' id='word_1_111' title='bbox 802 1230 973 1266; x_wconf 85' lang='lat' dir='ltr'>aequora</span> <span class='ocrx_word' id='word_1_112' title='bbox 993 1217 1188 1265; x_wconf 81' lang='lat' dir='ltr'>possunt?</span> 
     </span>
     <span class='ocr_line' id='line_1_17' title="bbox 190 1281 1166 1333; baseline -0.003 -13"><span class='ocrx_word' id='word_1_113' title='bbox 190 1289 380 1333; x_wconf 80' lang='lat' dir='ltr'>expertae</span> <span class='ocrx_word' id='word_1_114' title='bbox 402 1286 552 1320; x_wconf 86' lang='lat' dir='ltr'>totiens</span> <span class='ocrx_word' id='word_1_115' title='bbox 573 1296 692 1333; x_wconf 89' lang='lat' dir='ltr'>quam</span> <span class='ocrx_word' id='word_1_116' title='bbox 706 1283 719 1306; x_wconf 78' lang='lat'>1</span> <span class='ocrx_word' id='word_1_117' title='bbox 741 1282 844 1319; x_wconf 87' lang='lat' dir='ltr'>male</span> <span class='ocrx_word' id='word_1_118' title='bbox 866 1282 994 1319; x_wconf 88' lang='lat' dir='ltr'>credis</span> <span class='ocrx_word' id='word_1_119' title='bbox 1015 1295 1140 1331; x_wconf 83' lang='lat' dir='ltr'>aquae</span> <span class='ocrx_word' id='word_1_120' title='bbox 1159 1281 1166 1317; x_wconf 81' lang='lat'>1</span> 
     </span>
    </p>

    <p class='ocr_par' dir='ltr' id='par_1_10' title="bbox 137 1347 1339 1463">
     <span class='ocr_line' id='line_1_18' title="bbox 137 1347 1339 1399; baseline -0.003 -13"><span class='ocrx_word' id='word_1_121' title='bbox 137 1354 193 1395; x_wconf 80' lang='lat' dir='ltr'>ut,</span> <span class='ocrx_word' id='word_1_122' title='bbox 214 1349 358 1399; x_wconf 80' lang='lat' dir='ltr'>pelago</span> <span class='ocrx_word' id='word_1_123' title='bbox 379 1349 575 1386; x_wconf 73' lang='lat' dir='ltr'>suadente</span> <span class='ocrx_word' id='word_1_124' title='bbox 596 1352 731 1394; x_wconf 77' lang='lat' dir='ltr'>etiam,</span> <span class='ocrx_word' id='word_1_125' title='bbox 752 1348 973 1385; x_wconf 86' lang='lat' dir='ltr'>retinacula</span> <span class='ocrx_word' id='word_1_126' title='bbox 994 1347 1132 1393; x_wconf 85' lang='lat' dir='ltr'>solvas,</span> <span class='ocrx_word' id='word_1_127' title='bbox 1290 1347 1339 1382; x_wconf 87' lang='lat'>55</span> 
     </span>
     <span class='ocr_line' id='line_1_19' title="bbox 189 1413 1067 1463; baseline -0.001 -13"><span class='ocrx_word' id='word_1_128' title='bbox 189 1415 316 1452; x_wconf 85' lang='lat' dir='ltr'>multa</span> <span class='ocrx_word' id='word_1_129' title='bbox 336 1420 473 1451; x_wconf 87' lang='lat' dir='ltr'>tamen</span> <span class='ocrx_word' id='word_1_130' title='bbox 493 1415 597 1451; x_wconf 85' lang='lat' dir='ltr'>latus</span> <span class='ocrx_word' id='word_1_131' title='bbox 618 1417 747 1451; x_wconf 85' lang='lat' dir='ltr'>tristia</span> <span class='ocrx_word' id='word_1_132' title='bbox 767 1419 914 1463; x_wconf 86' lang='lat' dir='ltr'>pontus</span> <span class='ocrx_word' id='word_1_133' title='bbox 934 1413 1067 1450; x_wconf 90' lang='lat' dir='ltr'>habet.</span> 
     </span>
    </p>

    <p class='ocr_par' dir='ltr' id='par_1_11' title="bbox 135 1478 1312 1594">
     <span class='ocr_line' id='line_1_20' title="bbox 135 1478 1312 1529; baseline -0.002 -13"><span class='ocrx_word' id='word_1_134' title='bbox 135 1494 210 1517; x_wconf 91' lang='lat' dir='ltr'>nec</span> <span class='ocrx_word' id='word_1_135' title='bbox 231 1480 397 1517; x_wconf 86' lang='lat' dir='ltr'>violasse</span> <span class='ocrx_word' id='word_1_136' title='bbox 419 1480 539 1516; x_wconf 88' lang='lat' dir='ltr'>fidem</span> <span class='ocrx_word' id='word_1_137' title='bbox 560 1480 854 1529; x_wconf 80' lang='lat' dir='ltr'>temptantibus</span> <span class='ocrx_word' id='word_1_138' title='bbox 875 1492 1046 1529; x_wconf 85' lang='lat' dir='ltr'>aequora</span> <span class='ocrx_word' id='word_1_139' title='bbox 1066 1478 1230 1528; x_wconf 90' lang='lat' dir='ltr'>prodest</span> <span class='ocrx_word' id='word_1_140' title='bbox 1250 1491 1258 1521; x_wconf 90' lang='grc'>;</span> <span class='ocrx_word' id='word_1_141' title='bbox 1308 1488 1312 1494; x_wconf 87' lang='grc'><em>·</em></span> 
     </span>
     <span class='ocr_line' id='line_1_21' title="bbox 188 1545 921 1594; baseline -0.001 -13"><span class='ocrx_word' id='word_1_142' title='bbox 188 1545 377 1594; x_wconf 86' lang='lat' dir='ltr'>perfidiae</span> <span class='ocrx_word' id='word_1_143' title='bbox 398 1558 546 1594; x_wconf 86' lang='lat' dir='ltr'>poenas</span> <span class='ocrx_word' id='word_1_144' title='bbox 567 1548 693 1594; x_wconf 83' lang='lat' dir='ltr'>exigit</span> <span class='ocrx_word' id='word_1_145' title='bbox 712 1545 779 1581; x_wconf 89' lang='lat' dir='ltr'>ille</span> <span class='ocrx_word' id='word_1_146' title='bbox 800 1545 921 1589; x_wconf 85' lang='lat' dir='ltr'>locus,</span> 
     </span>
    </p>

    <p class='ocr_par' dir='ltr' id='par_1_12' title="bbox 133 1609 1338 1726">
     <span class='ocr_line' id='line_1_22' title="bbox 133 1609 1229 1660; baseline -0.002 -13"><span class='ocrx_word' id='word_1_147' title='bbox 133 1613 346 1660; x_wconf 84' lang='lat' dir='ltr'>praecipue</span> <span class='ocrx_word' id='word_1_148' title='bbox 377 1624 467 1647; x_wconf 90' lang='lat' dir='ltr'>cum</span> <span class='ocrx_word' id='word_1_149' title='bbox 487 1610 616 1647; x_wconf 88' lang='lat' dir='ltr'>laesus</span> <span class='ocrx_word' id='word_1_150' title='bbox 635 1624 757 1656; x_wconf 80' lang='lat' dir='ltr'>amor,</span> <span class='ocrx_word' id='word_1_151' title='bbox 777 1613 869 1660; x_wconf 89' lang='lat' dir='ltr'>quia</span> <span class='ocrx_word' id='word_1_152' title='bbox 888 1615 1017 1646; x_wconf 89' lang='lat' dir='ltr'>mater</span> <span class='ocrx_word' id='word_1_153' title='bbox 1037 1609 1229 1645; x_wconf 81' lang='lat' dir='ltr'>Amorum</span> 
     </span>
     <span class='ocr_line' id='line_1_23' title="bbox 189 1674 1338 1726; baseline -0.002 -14"><span class='ocrx_word' id='word_1_154' title='bbox 189 1676 297 1712; x_wconf 85' lang='lat' dir='ltr'>nuda</span> <span class='ocrx_word' id='word_1_155' title='bbox 318 1676 564 1726; x_wconf 82' lang='lat' dir='ltr'>Cytheriacis</span> <span class='ocrx_word' id='word_1_156' title='bbox 586 1676 695 1713; x_wconf 86' lang='lat' dir='ltr'>edita</span> <span class='ocrx_word' id='word_1_157' title='bbox 715 1675 843 1712; x_wconf 89' lang='lat' dir='ltr'>fertur</span> <span class='ocrx_word' id='word_1_158' title='bbox 863 1678 984 1725; x_wconf 88' lang='lat' dir='ltr'>aquis.</span> <span class='ocrx_word' id='word_1_159' title='bbox 1289 1674 1338 1710; x_wconf 83' lang='lat'>60</span> 
     </span>
    </p>

    <p class='ocr_par' dir='ltr' id='par_1_13' title="bbox 138 1741 1171 1857">
     <span class='ocr_line' id='line_1_24' title="bbox 138 1741 1158 1791; baseline -0.001 -14"><span class='ocrx_word' id='word_1_160' title='bbox 138 1741 299 1778; x_wconf 88' lang='lat' dir='ltr'>Perdita</span> <span class='ocrx_word' id='word_1_161' title='bbox 319 1755 369 1778; x_wconf 93' lang='lat' dir='ltr'>ne</span> <span class='ocrx_word' id='word_1_162' title='bbox 390 1742 568 1791; x_wconf 83' lang='lat' dir='ltr'>perdam,</span> <span class='ocrx_word' id='word_1_163' title='bbox 589 1745 726 1787; x_wconf 85' lang='lat' dir='ltr'>timeo,</span> <span class='ocrx_word' id='word_1_164' title='bbox 746 1754 961 1778; x_wconf 88' lang='lat' dir='ltr'>noceamve</span> <span class='ocrx_word' id='word_1_165' title='bbox 983 1742 1158 1785; x_wconf 83' lang='lat' dir='ltr'>nocenti,</span> 
     </span>
     <span class='ocr_line' id='line_1_25' title="bbox 190 1806 1171 1857; baseline -0.002 -14"><span class='ocrx_word' id='word_1_166' title='bbox 190 1820 269 1844; x_wconf 93' lang='lat' dir='ltr'>neu</span> <span class='ocrx_word' id='word_1_167' title='bbox 290 1808 402 1844; x_wconf 83' lang='lat' dir='ltr'>bibat</span> <span class='ocrx_word' id='word_1_168' title='bbox 421 1820 637 1857; x_wconf 86' lang='lat' dir='ltr'>aequoreas</span> <span class='ocrx_word' id='word_1_169' title='bbox 658 1807 874 1856; x_wconf 84' lang='lat' dir='ltr'>naufragus</span> <span class='ocrx_word' id='word_1_170' title='bbox 894 1806 1019 1842; x_wconf 88' lang='lat' dir='ltr'>hostis</span> <span class='ocrx_word' id='word_1_171' title='bbox 1040 1818 1171 1855; x_wconf 86' lang='lat' dir='ltr'>aquas.</span> 
     </span>
    </p>

    <p class='ocr_par' dir='ltr' id='par_1_14' title="bbox 136 1870 1226 1987">
     <span class='ocr_line' id='line_1_26' title="bbox 136 1870 1226 1922; baseline -0.003 -14"><span class='ocrx_word' id='word_1_172' title='bbox 136 1875 236 1918; x_wconf 86' lang='lat' dir='ltr'>vive,</span> <span class='ocrx_word' id='word_1_173' title='bbox 258 1873 418 1921; x_wconf 87' lang='lat' dir='ltr'>precor!</span> <span class='ocrx_word' id='word_1_174' title='bbox 451 1875 504 1909; x_wconf 90' lang='lat' dir='ltr'>sic</span> <span class='ocrx_word' id='word_1_175' title='bbox 525 1878 566 1909; x_wconf 84' lang='lat' dir='ltr'>te</span> <span class='ocrx_word' id='word_1_176' title='bbox 588 1872 730 1909; x_wconf 90' lang='lat' dir='ltr'>melius</span> <span class='ocrx_word' id='word_1_177' title='bbox 750 1885 869 1922; x_wconf 89' lang='lat' dir='ltr'>quam</span> <span class='ocrx_word' id='word_1_178' title='bbox 889 1871 1030 1908; x_wconf 91' lang='lat' dir='ltr'>funere</span> <span class='ocrx_word' id='word_1_179' title='bbox 1051 1870 1226 1920; x_wconf 85' lang='lat' dir='ltr'>perdam.</span> 
     </span>
     <span class='ocr_line' id='line_1_27' title="bbox 190 1937 876 1987; baseline -0.003 -12"><span class='ocrx_word' id='word_1_180' title='bbox 190 1943 234 1975; x_wconf 84' lang='lat' dir='ltr'>tu</span> <span class='ocrx_word' id='word_1_181' title='bbox 256 1941 388 1987; x_wconf 86' lang='lat' dir='ltr'>potius</span> <span class='ocrx_word' id='word_1_182' title='bbox 408 1938 479 1975; x_wconf 87' lang='lat' dir='ltr'>leti</span> <span class='ocrx_word' id='word_1_183' title='bbox 500 1951 616 1975; x_wconf 84' lang='lat' dir='ltr'>causa</span> <span class='ocrx_word' id='word_1_184' title='bbox 636 1937 765 1974; x_wconf 90' lang='lat' dir='ltr'>ferere</span> <span class='ocrx_word' id='word_1_185' title='bbox 785 1940 876 1974; x_wconf 88' lang='lat' dir='ltr'>mei.</span> 
     </span>
    </p>
   </div>
   <div class='ocr_carea' id='block_1_3' title="bbox 140 2016 881 2117">
    <p class='ocr_par' dir='ltr' id='par_1_15' title="bbox 140 2016 881 2117">
     <span class='ocr_line' id='line_1_28' title="bbox 583 2016 881 2059; baseline 0 -11"><span class='ocrx_word' id='word_1_186' title='bbox 583 2016 595 2036; x_wconf 84' lang='lat'>¹</span> <span class='ocrx_word' id='word_1_187' title='bbox 619 2028 720 2059; x_wconf 84' lang='lat' dir='ltr'>quam</span> <span class='ocrx_word' id='word_1_188' title='bbox 742 2030 753 2049; x_wconf 87' lang='grc' dir='ltr'><strong><em>ς</em></strong></span> <span class='ocrx_word' id='word_1_189' title='bbox 772 2016 881 2048; x_wconf 73' lang='lat' dir='ltr'>Merk.</span> 
     </span>
     <span class='ocr_line' id='line_1_29' title="bbox 140 2081 188 2117; baseline -0.021 0"><span class='ocrx_word' id='word_1_190' title='bbox 140 2081 188 2117; x_wconf 83' lang='grc'>86</span> 
     </span>
    </p>
   </div>
  </div>
 </body>
</html>
