1445 2297
673 59 770 97 OVI
775 58 813 95 D

142 166 200 203 Ut
219 171 358 202 tamen
378 168 498 202 iratos
518 168 559 201 in
579 171 621 202 te
643 165 783 202 defixit
802 165 962 210 ocellos,
1298 165 1346 201 15

194 229 275 265 vidi
294 234 336 265 te
357 231 453 265 totis
475 229 679 265 erubuisse
699 231 814 278 genis
832 242 841 272 ;

139 300 181 331 at
202 300 366 345 quanto,
388 297 418 331 si
439 294 543 331 forte
564 294 701 340 refers,
723 297 972 344 praesentior
992 297 1076 343 ipse

194 374 266 410 per
287 361 455 397 Veneris
475 360 552 397 feci
573 363 738 397 numina
757 374 904 410 magna
924 360 1044 397 fidem
1063 361 1070 396 l

140 432 198 472 tu,
219 427 307 472 dea,
328 432 373 463 tu
394 427 531 463 iubeas
550 429 671 462 animi
693 429 865 476 periuria
885 429 973 476 puri

196 492 454 542 Carpathium
475 492 633 542 tepidos
654 506 725 542 per
744 506 853 529 mare
874 492 978 529 ferre
1001 493 1127 529 Notos
1145 492 1152 528 I
1299 492 1348 528 '20

143 558 218 595 Pro
238 559 381 608 quibus
402 558 536 595 officiis
556 561 732 607 pretium
751 558 850 594 mihi
870 558 988 595 dulce
1008 558 1188 607 repende

196 625 432 661 concubitus
453 624 585 669 hodie,
607 623 716 660 fusca
738 624 912 674 Cypassi,
934 629 1024 661 tuos
1044 624 1050 660 1

142 690 238 740 quid
258 693 393 727 renuis
414 690 610 740 fingisque
632 703 765 736 novos,
787 693 956 739 ingrata,
977 691 1168 726 timores?

197 770 322 793 unum
344 761 405 793 est
427 770 447 792 e
469 756 640 792 dominis
661 759 876 793 emeruisse
898 758 1003 793 satis.

1301 823 1321 858 ιζ)

1327 822 1348 857 ῢι

142 823 250 873 quod
271 825 301 859 si
323 822 446 859 stulta
466 835 602 872 negas,
624 822 745 859 index
766 828 953 859 anteacta
972 822 1141 867 fatebor,

198 894 240 925 et
260 892 417 925 veniam
438 888 578 938 culpae
600 889 778 938 proditor
798 892 882 938 ipse
902 902 1029 933 meae,

142 968 302 1005 quoque
323 955 410 991 loco
430 960 566 992 tecum
586 954 743 1000 fuerim,
765 957 1044 1005 quotiensque,
1067 954 1242 1004 Cypassi,

198 1022 366 1057 narrabo
386 1021 584 1066 dominae,
607 1026 785 1071 quotque
807 1022 1031 1071 quibusque
1051 1020 1180 1057 modis
1198 1020 1205 1056 !

720 1166 778 1202 IX

734 1263 764 1298 Α

146 1340 182 1377 O
204 1352 401 1381 NUMQUAM
423 1353 494 1389 pro
514 1353 578 1376 me
600 1343 693 1377 satis
714 1340 924 1389 indignate
946 1339 1112 1388 Cupido,

199 1426 222 1448 o
242 1415 284 1448 in
304 1411 423 1448 corde
444 1425 534 1449 meo
555 1412 752 1449 desidiose
773 1426 928 1462 puer—

145 1483 242 1533 quid
262 1497 340 1529 me,
362 1486 429 1533 qui
449 1483 564 1520 miles
584 1498 802 1534 numquam
823 1489 892 1521 tua
913 1486 1026 1533 signa
1046 1483 1202 1533 reliqui,

199 1555 336 1600 laedis,
360 1560 401 1591 et
422 1558 462 1591 in
484 1558 621 1592 castris
642 1555 828 1592 vulneror
848 1559 932 1605 ipse
952 1556 1080 1592 meis?

147 1639 216 1663 cur
235 1631 305 1663 tua
324 1625 390 1662 fax
412 1629 503 1671 urit,
526 1626 612 1675 figit
632 1632 725 1663 tuus
745 1640 857 1663 arcus
878 1629 1054 1664 amicos?
1329 1628 1351 1664 5

200 1697 324 1747 gloria
346 1703 574 1747 pugnantes
595 1701 754 1735 vincere
774 1702 898 1735 maior
918 1704 1014 1736 erat.

149 1768 280 1814 Quid?
300 1782 381 1805 non
404 1769 666 1815 Haemonius,
683 1783 803 1820 quem
825 1770 986 1819 cuspide
1009 1770 1193 1819 perculit,
1210 1770 1326 1807 heros

203 1839 428 1876 confossum
448 1840 604 1876 medica
624 1841 835 1890 postmodo
854 1844 954 1877 iuvit
973 1854 1048 1890 ope
1066 1842 1080 1877 ?

192 1937 206 1948 ‘¹
232 1930 415 1971 Telephus.
447 1931 629 1973 incurably
656 1931 842 1969 wounded,
871 1942 942 1963 was
966 1931 1043 1963 told
1074 1932 1122 1973 by
1148 1932 1208 1964 the
1239 1932 1353 1963 oracle

149 1973 230 2004 that
247 1973 290 2005 he
309 1974 386 2005 who
404 1974 472 2005 had
491 1975 663 2006 wounded
680 1975 797 2006 would
822 1975 894 2007 also
912 1975 990 2006 heal
1008 1976 1079 2006 him
1099 1978 1127 2014 (ὁ
1151 1976 1278 2017 τρώσας
1302 1977 1353 2007 καὶ

149 2029 227 2073 406
