1409 2282
680 110 820 148 OVID

149 217 205 253 At
224 229 314 253 mea
334 230 423 253 cum
444 216 636 265 legerem,
657 221 718 252 sat
738 218 816 251 iam
829 214 842 238 1
864 214 1035 252 formosa
1054 215 1218 252 videbar
1235 227 1244 259 3

202 290 324 313 unam
344 277 501 312 iurabas
521 289 647 326 usque
660 273 813 312 flecere
834 275 953 325 loqui.

148 337 372 382 cantabam,
393 339 889 373 memini—-meminerunt
910 338 1043 372 onmia
1062 341 1300 372 amantes-—

203 396 336 433 oscula
356 399 536 432 cantanti
556 402 600 433 tu
621 396 719 432 mihi
740 401 854 445 rapta
872 395 1005 432 dabas.

148 456 248 493 haec
282 448 441 506 quoque
480 456 681 501 laudabas,
716 458 904 506 omnique
936 470 959 492 a
992 461 1106 505 parte
1140 455 1272 505 place—

258 518 404 553 bam—
1303 516 1353 552 45

204 577 274 613 sed
294 582 381 613 tum
402 579 628 626 praecipue,
650 590 740 613 cum
761 577 806 613 fit
825 578 968 613 amoris
989 589 1097 625 opus.

150 642 248 674 tunc
268 642 310 673 te
331 637 420 686 plus
441 637 557 673 solito
576 636 735 673 lascivia
755 642 890 673 nostra
910 637 1082 681 iuvabat,

205 698 422 746 crebraque
443 696 643 733 mobilitas
663 702 836 746 aptaque
858 697 978 733 verba
999 699 1097 740 ioco,

151 762 192 793 et
213 756 333 806 quod,
355 757 421 793 ubi
442 757 648 793 amborum
669 756 801 793 fuerat
821 755 984 793 confusa
1003 755 1199 805 voluptas,

204 816 398 865 plurimus
418 818 459 852 in
480 816 581 853 lasso
602 830 765 866 corpore
785 816 954 866 languor
975 821 1070 853 erat.
1303 817 1353 854 50

153 876 270 912 Nunc
291 877 364 912 tibi
404 876 597 913 Sicelides
618 879 787 913 veniunt
808 890 909 913 nova
929 876 1077 926 praeda
1097 877 1270 925 puellae.

206 930 301 980 quid
321 930 420 966 mihi
441 944 531 967 cum
554 930 715 967 Lesbo?
746 931 885 968 Sicelis
906 944 991 968 esse
1013 930 1111 967 volo.

151 998 174 1021 o
190 984 204 1008 2
225 998 292 1021 vos
313 998 498 1021 erronem
518 985 664 1021 tellure
685 988 882 1022 remittite
904 991 1047 1030 vestra,

207 1039 391 1075 Nisiades
411 1044 559 1076 matres
581 1039 844 1089 Nisiadesque
865 1053 1000 1085 nurus,

152 1107 226 1130 nec
247 1107 315 1130 vos
335 1093 541 1143 decipiant
561 1093 732 1130 blandae
752 1094 961 1130 mendacia
980 1094 1142 1143 linguae
1159 1094 1166 1130 l
1304 1095 1353 1131 55

206 1161 307 1197 quae
329 1148 427 1184 dicit
447 1148 569 1193 vobis,
591 1148 747 1184 dixerat
767 1153 862 1184 ante
883 1148 991 1185 mihi.

152 1207 197 1238 tu
219 1215 392 1252 quoquej
413 1215 514 1251 quae
534 1208 693 1238 montes
721 1202 911 1248 celebras,
933 1202 1116 1252 Erycina,
1139 1201 1356 1240 Sicanos—

207 1270 299 1292 nam
319 1262 388 1292 tua
409 1259 634 1293 sum—vati
654 1256 829 1302 consule,
850 1257 954 1302 diva,
974 1258 1090 1293 tuae!

152 1324 203 1346 an
223 1313 352 1359 gravis
373 1313 581 1359 inceptum
601 1314 758 1360 peragit
778 1310 939 1347 fortuna
959 1317 1143 1349 tenorem

208 1370 249 1401 et
269 1370 407 1401 manet
428 1367 468 1400 in
489 1377 605 1401 eursu
626 1378 785 1414 semper
804 1366 946 1402 acerba
966 1379 1036 1402 suo
1053 1366 1067 1401 ?
1305 1366 1355 1403 60

153 1432 221 1455 sex
241 1418 339 1455 mihi
360 1419 514 1455 natales
535 1422 675 1464 ierant,
697 1433 787 1456 cum
807 1419 913 1456 lecta
932 1423 1110 1469 parentis

207 1478 301 1509 ante
323 1473 430 1509 diem
450 1473 630 1510 lacrimas
650 1486 736 1510 ossa
756 1474 892 1510 bibere
912 1487 1031 1510 meas.

152 1530 248 1563 arsit
268 1530 373 1563 iners
388 1526 403 1550 3
422 1527 547 1564 frater
565 1530 787 1564 meretricis
808 1533 948 1577 captus
967 1542 1101 1566 amore

206 1583 411 1631 mixtaque
433 1595 522 1617 cum
543 1584 651 1631 turpi
671 1581 817 1618 damna
837 1582 989 1631 pudore
1010 1583 1127 1627 tulit3

153 1634 281 1672 factus
302 1638 416 1684 inops
436 1635 531 1685 agili
551 1639 709 1685 peragit
729 1635 832 1672 freta
853 1636 1009 1673 caerula
1029 1650 1151 1683 remo,
1305 1638 1354 1674 65

207 1703 383 1739 quasque
405 1689 508 1726 male
528 1692 673 1736 amisit,
694 1704 800 1727 nunc
820 1690 924 1727 male
945 1694 1102 1741 quaerit
1121 1705 1226 1741 opes.

196 1759 207 1777 ¹
232 1760 275 1791 So
293 1760 418 1792 Horta:
445 1761 576 1802 legeres
594 1761 700 1792 etiam
719 1761 786 1792 Pa.

196 1802 209 1821 ‘2
232 1803 260 1835 O
278 1814 338 1834 vos
356 1804 433 1836 Fs:
458 1808 496 1835 at,
512 1815 584 1841 vos,
605 1815 667 1835 nec
686 1815 757 1842 vos,
776 1815 844 1835 neu
861 1815 922 1836 vos
941 1817 975 1836 5:
1001 1808 1064 1837 aut
1081 1816 1142 1837 vos
1159 1805 1254 1836 Beni,

196 1846 210 1866 ³
232 1847 331 1895 inops
348 1847 400 1878 the
417 1847 537 1880 MSS.2
563 1848 655 1879 iners
678 1847 808 1880 Ouci'eu.
829 1848 909 1880 Pa.:
936 1849 1036 1890 inops
1052 1849 1094 1890 of
1103 1851 1144 1881 65
1161 1850 1284 1881 ‹az-used
1303 1849 1355 1880 the

153 1895 360 1930 eor-raphon.

196 1974 210 1986 ‘¹
235 1968 308 1998 The
335 1967 462 1998 Pari-<111
491 1967 628 1999 Marble
655 1979 735 2010 says
752 1969 832 2000 that
858 1968 998 2010 Sappho
1026 1969 1135 2011 really
1153 1980 1224 2000 was
1240 1970 1354 2001 exiled

153 2010 223 2041 and
240 2014 335 2043 went
352 2015 389 2043 to
406 2010 524 2053 Sicily.
575 2011 649 2042 Her
666 2012 822 2044 troubles
839 2023 929 2044 were
945 2013 981 2044 of
1003 2023 1024 2044 a
1040 2013 1198 2054 political
1215 2016 1349 2045 nature.

160 2073 232 2118 184
