1409 2282
646 74 785 113 OVID

113 181 286 229 inposita
307 186 370 217 est
390 179 520 218 factae
542 186 753 231 postquam
774 194 915 218 manus
936 181 1076 218 ultima
1097 181 1223 226 classi,

167 243 348 290 protinus
370 241 543 290 Aegaeis
564 244 620 278 ire
641 241 807 278 lubebat
822 241 834 264 1
855 244 966 291 aquis
982 265 1021 268 “-

112 306 154 337 at
175 306 290 350 pater
311 306 353 337 et
374 304 559 350 genetrix
582 301 770 338 inhibent
791 315 879 337 mea
901 306 992 337 vota
1012 302 1191 351 rogando

167 364 496 410 propositumque
518 364 582 410 pia
596 361 610 383 2
631 374 727 397 νο66
749 366 955 398 morantur
975 363 1076 405 iter3
1244 361 1319 398 120

113 426 155 458 et
176 434 295 466 soror,
318 421 450 457 effusis
473 426 517 457 ut
538 426 635 466 erat,
658 421 889 466 Cassandra,
910 421 1074 470 capillis,

167 495 257 518 cum
280 481 433 517 vellent
454 486 613 517 nostrae
635 484 712 516 iam
733 481 827 517 dare
850 481 936 517 vela
956 487 1073 527 rates,

112 546 136 562 “
149 555 228 591 quo
249 544 329 577 ruis
347 542 360 576 ?
379 541 398 552 ”
423 541 633 586 exclamat,
656 545 680 561 ‘⁷‘
693 540 843 578 referes
864 541 1051 577 incendia
1071 547 1207 578 tecum
1226 543 1231 567 ¹

166 607 316 651 quanta
337 614 408 650 per
429 600 498 637 has
518 603 648 637 nescis
669 601 824 636 flamma
845 606 1007 650 petatur
1025 614 1146 651 aquas
1163 602 1170 638 ἔ
1186 601 1206 613 ”

111 674 204 698 vera
225 660 303 698 fuit
324 666 435 697 vates
452 673 460 704 ;
489 660 618 697 dictos
640 663 866 697 invenimus
887 663 1013 710 ignes,
1243 663 1316 698 125

166 726 209 757 et
230 720 337 757 ferus
359 724 399 756 in
420 720 530 756 molli
552 726 717 769 pectore
738 720 878 770 flagrat
898 734 1008 757 amor
1025 722 1031 757 !

114 780 311 817 Portubus
332 781 527 830 egredior,
550 784 759 831 ventisque
780 780 1004 818 ferentibus
1025 795 1118 819 usus

165 841 343 890 applicor
362 844 403 877 in
424 846 563 885 terras,
586 841 729 878 Oebali
750 841 940 891 nympha,
961 847 1061 878 tuas.

113 903 263 950 excipit
284 901 458 950 hospitio
480 903 537 936 vir
556 914 620 937 me
642 901 866 938 tuus—--hoc
888 915 1046 952 quoque
1068 902 1219 939 factum

165 974 245 996 non
267 964 352 997 sine
373 961 537 997 consilio
558 962 868 1011 numinibusque
889 962 1010 998 deum
1030 963 1036 998 ἔ
1242 963 1316 999 130

110 1020 177 1056 1116
199 1021 363 1070 quidem
384 1021 575 1067 ostendit,
597 1021 792 1071 quidquid
816 1021 1118 1059 Lacedaemone
1139 1027 1225 1059 tota

165 1081 323 1117 ostendi
344 1080 512 1130 dignum
534 1084 873 1131 conspicuumque
895 1081 972 1118 fuit
990 1095 998 1126 ;

111 1140 181 1177 sed
202 1141 300 1176 mihi
321 1140 524 1177 laudatam
545 1144 724 1190 cupienti
746 1155 910 1178 cernere
931 1141 1098 1179 formam

164 1200 316 1237 lumina
336 1200 392 1236 nil
413 1200 521 1237 aliud
542 1214 621 1250 quo
642 1207 883 1250 caperentur
903 1207 999 1239 erat.

110 1264 155 1296 ut
176 1259 269 1305 vidi,
291 1260 466 1308 obstipui
487 1260 798 1310 praecordiaque
819 1264 961 1298 intima
982 1265 1087 1298 sensi
1240 1262 1313 1298 135

163 1317 362 1350 attonitus
383 1317 486 1350 curis
507 1317 744 1351 intumuisse
766 1318 887 1352 novis.

111 1367 171 1404 his
191 1368 340 1405 similes
361 1368 508 1413 vultus,
529 1374 724 1418 quantum
746 1372 989 1415 reminiscor,
1012 1370 1187 1406 habebat

165 1425 277 1458 venit
298 1425 338 1458 in
359 1423 567 1459 arbitrium
588 1437 678 1459 cum
700 1423 900 1473 Cytherea
920 1438 1066 1461 meum.

108 1478 139 1512 si
160 1481 204 1513 tu
226 1479 402 1513 venisses
424 1480 572 1525 pariter
592 1483 798 1514 certamen
819 1481 858 1513 in
880 1478 993 1523 illud,

162 1533 203 1566 in
225 1530 391 1567 dubium
413 1531 580 1567 Veneris
602 1531 733 1580 palma
754 1531 888 1568 futura
908 1532 985 1569 fuit
1003 1533 1010 1569 1
1236 1533 1310 1570 140

109 1597 255 1634 magna
275 1584 437 1634 quidem
458 1585 509 1621 de
530 1590 572 1622 te
594 1599 727 1621 rumor
747 1589 957 1634 praeconia
984 1586 1094 1631 fecit,

162 1639 351 1688 nullaque
373 1639 423 1675 de
444 1639 544 1675 facie
566 1642 699 1676 nescia
719 1645 825 1676 terra
845 1645 914 1677 tua
934 1646 1020 1684 est3

108 1706 183 1729 1166
204 1693 277 1729 tibi
299 1706 369 1742 par
388 1707 555 1743 usquam
578 1693 750 1743 Phrygia
770 1707 844 1731 nec
865 1694 957 1731 solis
977 1696 1026 1731 ab
1047 1701 1136 1732 ortu

162 1749 268 1783 inter
289 1747 478 1784 formosas
499 1748 625 1784 altera
646 1761 794 1784 nomen
815 1748 939 1785 habet
957 1749 964 1785 !

110 1800 246 1837 Credis
267 1806 309 1837 et
330 1801 404 1837 hoc
426 1803 539 1838 nobis
552 1804 754 1838 ?—1ninor
773 1808 835 1838 est
855 1808 924 1839 tua
944 1803 1068 1852 gloria
1090 1816 1195 1848 vero,
1235 1804 1308 1839 145

161 1855 345 1904 famaque
366 1855 417 1892 de
439 1855 565 1891 forma
585 1869 713 1905 paene
735 1856 910 1905 maligna
931 1862 1001 1893 tua
1022 1863 1084 1894 est
1102 1871 1110 1901 ;

152 1930 160 1949 ¹
186 1931 329 1962 lubebat
346 1931 392 1963 N.
412 1932 532 1963 Hem:
550 1932 694 1964 iubebat
707 1933 810 1963 Paul.
830 1933 928 1973 F'ray.
945 1947 951 1965 ε
970 1933 1115 1964 iubebat·
1130 1934 1210 1965 Cod.
1230 1933 1308 1964 Pal.

149 1974 162 1992 ²
185 1975 243 2016 pia
260 1975 306 2006 ΛΤ.
332 1975 450 2007 Hem:
476 1977 551 2007 viae
572 1976 677 2007 MSS.

108 2045 184 2072 200
