1409 2282
657 99 796 136 OVID

127 217 217 240 cum
237 217 358 249 mare,
380 217 470 240 cum
490 209 615 241 terras
636 208 939 254 consumpserit,
960 219 1051 242 aera
1070 211 1247 256 temptet
1265 220 1273 251 ;

182 289 290 320 erret
309 286 436 333 inops,
459 297 612 333 exspes,
634 284 756 321 caede
778 290 944 321 cruenta
964 286 1056 321 sua!

129 362 227 399 haec
249 376 336 412 ego,
358 366 543 412 coniugio
564 363 747 400 fraudata
766 363 983 400 Thoantias
1004 377 1081 400 oro.

182 446 318 488 vivite,
338 443 485 480 devoto
506 448 712 493 nuptaque
734 446 871 493 virque
892 449 979 480 toro
998 445 1004 480 !

685 634 761 670 VII

575 721 682 758 Dmo
710 722 876 759 ΑΕΝΕΑΕ

132 809 197 846 Slc
220 810 285 846 ubi
307 809 389 846 fata
408 814 565 855 vocant,
587 809 674 846 udis
695 810 874 846 abiectus
895 812 935 846 in
956 809 1089 846 herbis

185 880 235 917 ad
256 880 357 917 vada
379 880 589 917 Maeandri
610 883 786 917 concinit
806 880 918 917 albus
939 881 1032 917 olor.

134 952 219 988 Nee
241 954 333 1002 quia
353 957 394 988 te
416 956 551 988 nostra
571 965 729 1001 sperem
749 965 867 1001 prece
889 965 1003 1001 posse
1024 955 1187 998 moveri,

186 1022 601 1072 adloquor—adverso
621 1025 816 1059 movimus
836 1026 914 1059 ista
933 1022 1010 1059 deo
1029 1036 1037 1067 ;

132 1093 203 1130 sed
250 1097 393 1130 merita
443 1099 484 1130 et
534 1093 680 1129 famam
728 1107 949 1144 corpusque
996 1097 1253 1144 animumque

241 1164 431 1214 pudicum
1311 1166 1333 1201 5

188 1249 281 1272 cum
301 1236 404 1272 male
426 1235 682 1285 perdiderim,
704 1235 872 1284 perdere
894 1236 1014 1272 verba
1034 1235 1121 1272 leve
1143 1241 1215 1272 est.

135 1307 277 1344 Certus
299 1320 339 1343 es
360 1310 417 1343 ire
438 1312 575 1344 tamen
596 1309 861 1356 miseramque
882 1306 1109 1356 relinquere
1132 1306 1280 1352 Didon,

189 1383 310 1428 atque
331 1378 438 1415 idem
460 1381 570 1415 venti
591 1378 679 1414 vela
700 1377 900 1428 fidemque
921 1377 1083 1414 ferent?

135 1455 267 1486 certus
289 1463 342 1495 es,
365 1450 516 1494 Aenea,
537 1463 627 1486 cum
648 1449 811 1486 foedere
832 1449 984 1486 solvere
1006 1463 1138 1493 naves,

189 1533 371 1570 quaeque
392 1522 459 1557 ubi
480 1523 560 1557 sint
581 1523 721 1565 nescis,
745 1520 846 1556 Itala
866 1533 991 1569 regna
1010 1522 1152 1570 sequi?
1289 1521 1336 1557 10

137 1605 212 1628 nec
234 1605 335 1628 nova
356 1591 567 1641 Carthago,
590 1605 664 1628 nec
685 1597 727 1628 te
748 1594 969 1628 crescentia
989 1596 1164 1641 tangunt

189 1665 348 1698 moenia
368 1676 442 1699 nec
464 1668 622 1711 sceptro
643 1662 790 1699 tradita
811 1675 964 1698 summa
984 1667 1054 1698 tuo
1071 1663 1085 1697 Ρ

137 1733 243 1770 facta
263 1733 381 1782 fugis,
404 1733 588 1770 facienda
608 1736 712 1782 petis
732 1746 739 1777 ;
769 1732 997 1783 quaerenda
1019 1745 1090 1782 per
1109 1733 1246 1769 orbem

191 1803 329 1849 altera,
351 1807 531 1853 quaesita
552 1809 613 1840 est
633 1804 759 1840 altera
780 1808 887 1840 terra
906 1804 991 1839 tibi.

180 1910 196 1923 ‘²
215 1903 288 1935 The
306 1914 391 1945 song
406 1903 594 1945 preceding
610 1903 727 1935 death.

181 1948 193 1967 ὓ
217 1947 308 1979 Ovid
333 1948 393 1978 has
410 1947 470 1978 the
486 1947 607 1978 fourth
625 1947 713 1978 book
742 1947 777 1977 of
802 1946 862 1977 the
889 1946 1023 1977 Aeneid
1051 1947 1085 1976 in
1112 1946 1207 1976 mind
1233 1956 1270 1977 as
1296 1946 1338 1976 he

137 2001 314 2033 composes
330 1991 402 2022 this
419 1991 534 2022 letter.

140 2056 187 2091 82
