1409 2282
667 113 807 149 OVID

135 218 203 255 ille
224 218 320 255 licet
341 221 477 268 patriis
498 221 583 254 sine
605 218 682 255 fine
704 219 908 268 superbiat
928 222 1026 256 actis
1044 231 1053 263 3

191 284 233 315 et
253 284 311 323 tu,
333 292 434 328 quae
455 278 604 315 referas
624 278 729 315 facta
750 282 940 328 parentis,
961 279 1094 316 habes.

137 338 370 375 Tantalides
391 341 519 375 omnis
540 341 751 388 ipsumque
772 340 939 388 regebat
958 339 1170 376 Achillem.
1291 339 1339 375 45

191 398 255 434 hic
276 411 364 447 pars
385 398 552 435 militiae
572 411 580 442 ;
610 398 691 435 dux
713 404 798 435 erat
817 399 885 435 ille
906 399 1064 436 ducum.

136 464 180 495 tu
203 471 361 508 quoque
382 458 505 495 habes
526 471 714 507 proavum
733 458 923 508 Pelopem
945 459 1183 509 Pelopisque
1200 472 1341 508 paren-

245 524 330 555 tem
347 531 355 562 ;

192 581 222 615 si
243 578 386 615 melius
406 591 606 623 numeres,
627 592 649 614 a
671 578 764 615 Iove
785 581 949 628 quintus
970 582 1056 616 eris.

140 639 226 674 Nec
247 641 394 675 virtute
416 651 534 674 cares.
593 651 700 674 arma
720 638 914 675 invidiosa
933 639 1075 684 tulisti,

192 698 263 735 sed
284 698 511 748 tibi—quid
532 698 683 735 faceres
698 699 901 735 ?——induit
921 699 988 735 illa
1009 700 1151 748 pater.¹—
1292 699 1342 735 50

138 761 306 795 materia
327 758 473 795 vellem
494 758 608 795 fortis
629 759 793 795 meliore
815 758 956 796 fuisses
975 772 983 803 ;

192 832 273 854 non
294 818 399 855 lecta
420 824 482 855 est
503 821 625 867 operi,
646 819 717 855 sed
737 818 831 855 data
851 833 967 855 causa
990 825 1071 856 tuo.

139 878 241 914 hanc
261 883 399 915 tamen
420 878 582 928 inplesti
601 891 608 922 ;
638 879 855 929 iuguloque
878 879 1098 928 Aegisthus
1118 884 1257 928 aperto

193 944 302 975 tecta
323 941 560 984 cruentavit,
583 952 684 989 quae
706 944 821 989 pater
839 944 933 976 ante
954 944 1058 976 tuus.

139 1001 320 1048 increpat
342 998 536 1035 Aeacides
556 998 797 1049 laudemque
818 1002 858 1035 in
879 1002 1043 1036 erimina
1064 1002 1239 1036 vertit—
1293 1000 1342 1035 55

194 1058 236 1089 et
255 1058 392 1089 tamen
411 1053 625 1102 adspectus
645 1057 818 1090 sustinet
837 1053 904 1090 ille
925 1067 1044 1090 meos.

140 1126 312 1162 rumpor,
334 1118 376 1150 et
396 1126 462 1149 ora
481 1113 578 1149 mihi
600 1116 748 1162 pariter
768 1127 858 1150 cum
877 1119 1015 1150 mente
1035 1119 1281 1159 tumescunt,

195 1178 438 1223 pectoraque
459 1173 621 1210 inclusis
642 1174 800 1222 ignibus
822 1179 909 1210 usta
930 1173 1080 1210 dolent.

144 1233 367 1270 Hermione
387 1246 518 1269 coram
539 1236 801 1283 quisquamne
823 1235 971 1270 obiecit
995 1234 1144 1279 Oresti,

195 1306 271 1329 nec
290 1293 389 1329 mihi
409 1298 503 1330 sunt
524 1296 639 1336 vires,
660 1307 736 1330 nec
756 1293 863 1330 ferus
884 1297 989 1330 ensis
1009 1294 1124 1330 adest
1141 1295 1154 1330 ?
1294 1293 1343 1330 60

141 1352 234 1390 flere
255 1353 351 1390 lieet
371 1359 480 1390 certe
499 1367 507 1396 3
537 1353 669 1390 flendo
689 1353 947 1390 defundimus
967 1357 1078 1398 iram,

195 1426 346 1463 perque
367 1416 498 1450 sinum
518 1413 702 1450 lacrimae
724 1413 895 1450 fluminis
915 1417 1040 1451 instar
1061 1419 1168 1451 eunt.

141 1472 211 1509 has
232 1473 335 1510 solas
356 1473 485 1510 habeo
506 1487 664 1523 semper
684 1487 921 1524 semperque
942 1474 1164 1524 p1·ofundo;

195 1538 337 1570 ument
358 1533 533 1570 incultae
555 1533 668 1570 fonte
688 1547 867 1583 perenne
888 1547 1027 1583 genae.

142 1593 250 1629 Num
271 1596 429 1643 generis
450 1593 546 1639 fato,
568 1594 674 1644 quod
694 1599 850 1630 nostros
872 1600 975 1630 errat
996 1597 1036 1630 in
1058 1608 1195 1639 annos,
1294 1594 1343 1630 65

196 1652 430 1690 Tantalides
450 1659 598 1690 matres
618 1659 712 1703 apta
732 1657 869 1703 rapina
889 1655 1051 1691 sumus?

360 1726 371 1745 ¹
396 1727 439 1758 So
457 1727 584 1758 Home:
611 1726 678 1759 Sed
697 1731 736 1759 tu
753 1727 838 1769 quid
856 1727 1010 1759 faceres?
1033 1727 1153 1759 others.

184 1804 200 1817 ⁰
221 1798 375 1848 Jupiter,
395 1799 578 1838 Tantalus,
599 1799 735 1841 Pelops,
761 1800 904 1838 Atreus,
930 1801 1180 1841 Agamemnon,
1204 1799 1344 1832 Orestes

185 1842 365 1927 ξθῗέἒιῖἀῖἒ
368 1842 655 1927 thaiiieiii1ion's
681 1887 839 1924 absence,
868 1887 1061 1928 Aegisthus
1085 1897 1162 1918 won
1190 1886 1343 1927 Clytem-

142 1928 289 1960 nestra’s
314 1929 426 1968 heart,
452 1929 521 1960 and
555 1930 615 1961 the
648 1934 718 1961 two
750 1929 952 1972 eompassed
984 1930 1044 1962 the
1075 1930 1190 1970 king's
1221 1929 1340 1961 death.

142 1972 248 2004 After
267 1983 372 2004 seven
388 1983 490 2014 years
517 1973 551 2004 of
577 1974 746 2016 reigning,
768 1974 961 2016 Aegisthus
988 1973 1058 2005 and
1084 1973 1345 2016 Clytemnestra

143 2027 234 2047 were
251 2016 339 2048 slain
356 2016 402 2058 by
419 2016 482 2048 her
498 2027 558 2048 son
576 2016 726 2049 Orestes.

150 2083 220 2106 102
