1409 2282
689 76 829 113 OVID

157 187 200 218 et
220 187 355 218 tamen
378 180 744 230 expecto—redeas
765 181 884 217 modo
904 194 1013 218 serus
1033 186 1196 228 amanti,

210 253 256 284 ut
276 252 345 283 tua
365 249 417 283 sit
437 246 520 283 solo
540 251 722 295 tempore
743 246 851 295 lapsa
872 246 991 283 fides!

157 313 266 359 Quid
287 326 426 362 precor
445 312 615 349 infelix?
654 317 695 348 te
717 315 793 348 iam
814 318 931 350 tenet
951 313 1077 350 altera
1098 317 1271 352 coniunx

210 378 376 415 forsitan
399 383 453 423 et,
475 378 588 414 nobis
610 380 677 427 qui
697 377 801 414 male
823 377 933 424 favit,
954 392 1087 422 amor;

156 449 281 494 utque
298 445 372 480 tibi
389 443 621 488 excidimus,
635 443 799 489 nullam,
814 449 924 492 puto,
943 444 1123 494 Phyllida
1140 448 1255 482 nosti.
1283 446 1356 483 105

211 512 247 546 ei
267 509 389 546 mihi!
419 512 463 554 si,
485 522 586 558 quae
608 511 681 545 sim
705 508 854 558 Phyllis
876 514 917 546 et
938 510 1059 556 unde,
1081 524 1251 560 rogas—

157 588 257 625 quae
279 575 366 620 tibi,
389 574 669 624 Demophoon,
690 574 819 624 longis
841 576 1035 612 erroribus
1056 581 1145 612 acto

208 640 411 677 Threicios
431 645 568 689 portus
589 639 886 690 hospitiumque
908 640 1015 686 dedi,

157 709 267 743 cuius
288 719 382 755 opes
403 719 548 742 auxere
569 719 696 751 meae,
717 708 779 742 cui
800 705 910 743 dives
932 710 1070 756 egenti

208 785 374 809 munera
393 771 521 808 multa
541 771 648 816 dedi,
669 771 796 808 multa
816 771 958 808 datura
978 771 1034 809 fui
1052 785 1060 816 ;
1283 774 1357 811 110

154 851 256 887 quae
277 838 351 874 tibi
371 838 523 874 subieci
542 836 734 873 latissima
754 850 877 886 regna
899 837 1085 887 Lycurgi,

208 905 371 939 nomine
391 901 567 938 femineo
587 904 650 937 vix
672 904 765 938 satis
785 907 878 951 apta
899 905 996 952 regi,

154 981 231 1018 qua
250 973 365 1017 patet
385 968 614 1004 umbrosum
637 966 830 1017 Rhodope
851 967 1026 1017 glacialis
1047 968 1096 1005 ad
1120 969 1336 1016 Haemum,

208 1039 250 1070 et
270 1047 380 1070 sacer
398 1033 587 1070 admissas
608 1036 734 1082 exigit
756 1033 918 1070 Hebrus
938 1047 1071 1084 aquas,

154 1102 216 1136 cui
236 1113 327 1136 mea.
347 1101 553 1148 virginitas
573 1099 710 1135 avibus
730 1098 853 1135 libata
874 1102 1042 1136 sinistris
1279 1101 1353 1138 115

208 1170 395 1215 castaque
417 1164 548 1201 fallaci
569 1178 667 1200 zona
688 1167 865 1201 recincta
885 1178 1004 1201 manu
1022 1166 1028 1201 !

154 1231 332 1280 pronuba
351 1230 569 1280 Tisiphone
590 1230 776 1267 thalamis
797 1230 965 1267 ululavit
984 1233 1025 1267 in
1047 1230 1136 1276 illis,

208 1301 250 1333 et
270 1299 417 1333 cecinit
436 1301 635 1332 maestum
654 1295 770 1332 devia
799 1309 959 1332 carmen
979 1299 1084 1340 avis;

152 1362 282 1399 adfuit
302 1362 463 1398 Allecto
483 1362 667 1398 brevibus
688 1366 872 1412 torquata
892 1362 1074 1407 colubris,

207 1433 380 1477 suntque
401 1427 611 1476 sepulcrali
631 1427 782 1463 lumina
802 1433 910 1464 mota
930 1427 1017 1464 face
1034 1428 1041 1464 .'
1279 1429 1352 1466 120

154 1493 310 1529 Maesta
329 1498 467 1529 tamen
488 1492 668 1542 scopulos
690 1492 958 1542 fruticosaque
979 1493 1094 1530 litora
1115 1493 1223 1530 calco

206 1571 388 1609 quaeque
410 1563 553 1608 patent
572 1558 695 1594 oculis
715 1557 831 1594 litora
844 1558 856 1582 1
878 1558 959 1595 lata
978 1561 1088 1595 meis.

152 1624 233 1658 sive
254 1620 319 1657 die
340 1620 495 1657 laxatur
514 1620 671 1665 humus,
692 1633 762 1657 seu
782 1620 927 1670 frigida
946 1620 1085 1658 lucent

206 1683 347 1729 sidera,
368 1686 577 1732 prospicio,
598 1685 684 1733 quis
705 1682 809 1720 freta
829 1689 973 1720 ventus
993 1689 1109 1733 agat;

151 1751 194 1783 et
213 1759 489 1796 quaecumque
509 1745 646 1795 procul
666 1748 870 1783 venientia
896 1746 1021 1783 lintea
1041 1747 1134 1792 vidi,
1276 1748 1350 1784 125

204 1811 384 1858 protinus
405 1808 471 1844 illa
491 1821 600 1845 meos
621 1822 792 1857 auguror
811 1822 897 1845 esse
917 1809 1023 1845 deos.

412 1894 421 1913 1
446 1895 551 1926 litora
568 1894 688 1927 MSS:
713 1906 864 1936 aequora
883 1895 995 1927 Aldus
1013 1896 1077 1927 Pa.

257 1989 273 2003 ‘²
300 1984 328 2014 A
345 1983 452 2024 Fury,
472 1982 609 2014 instead
626 1982 662 2013 of
678 1982 783 2021 Juno,
803 1986 985 2024 patrouess
1002 1983 1038 2015 of
1061 1984 1242 2026 marriage.

153 2047 200 2081 28
