1445 2297
705 79 845 118 OVID

169 186 332 238 duxque
353 189 488 237 gregis
509 200 631 223 cornu
653 200 725 236 per
745 192 928 236 tempora
948 186 1046 223 dura
1066 200 1243 223 recurvo.

223 256 348 290 invisa
370 258 431 290 est
451 253 637 289 dominae
658 252 741 289 sola
761 251 914 301 capella
934 252 1060 295 deae;

170 318 275 355 illius
296 318 445 355 indicio
466 318 572 355 silvis
588 321 753 354 inventa
775 318 848 354 sub
868 317 959 354 altis

224 384 372 421 dicitur
392 387 597 433 inceptam
618 384 849 420 destituisse
871 383 1019 433 fugam.
1329 386 1380 423 20

170 464 278 486 nunc
300 463 459 500 quoque
480 463 552 499 pei·
573 463 717 499 pueros
738 449 875 486 iaculis
897 452 1110 486 incessitur
1130 450 1252 488 index

225 521 267 552 et
287 518 463 565 pretium
484 518 635 552 auctori
658 515 832 552 vulneris
854 518 937 564 ipsa
958 515 1086 552 datur.

171 580 260 627 Qua
281 587 451 618 ventura
472 581 548 618 dea
569 586 642 626 est,
664 583 829 617 iuvenes
850 580 1097 631 timidaeque
1118 581 1278 631 puellae

224 652 488 696 praeverrunt
508 647 609 683 latas
630 652 741 684 veste
763 649 921 683 iacente
943 649 1033 683 vias.

169 715 338 762 virginei
360 715 488 749 crines
509 726 603 749 auro
623 726 864 762 gemmaque
885 718 1136 762 premuntur,
1331 715 1380 751 25

225 783 266 814 et
287 781 392 827 tegit
412 783 570 815 auratos
591 778 696 827 palla
716 778 888 827 superba
908 778 1056 827 pedes:

169 857 279 880 more
300 849 459 893 patrum
481 843 601 880 Graio
622 844 778 881 velatae
799 844 977 880 vestibus
996 843 1096 880 albis

223 909 372 946 tradita
393 912 600 959 supposito
621 912 771 946 vertice
793 923 901 946 sacra
922 909 1070 946 ferunt.

169 989 236 1012 ore
258 975 396 1012 favent
416 975 554 1025 populi
575 981 673 1012 tunc
695 989 786 1012 cum
807 977 919 1012 venit
939 988 1059 1011 aurea
1079 988 1238 1024 pompa,

225 1044 308 1090 ipsa
330 1041 557 1078 sacerdotes
578 1042 915 1091 subsequiturque
937 1054 1035 1077 suas.
1328 1042 1378 1078 30

170 1107 319 1157 Argiva
340 1112 402 1144 est
422 1120 592 1157 pompae
613 1106 734 1144 facies
753 1120 761 1151 3
792 1106 1100 1156 Agamemnone
1122 1120 1237 1143 caeso

224 1178 266 1210 et
286 1173 415 1210 scelus
437 1178 478 1210 et
498 1176 646 1222 patrias
666 1172 772 1222 fugit
794 1172 993 1209 Halaesus
1013 1185 1109 1221 opes

168 1240 327 1289 iamque
348 1242 563 1288 pererratis
584 1238 777 1288 profugus
796 1243 985 1288 terraque
1006 1237 1192 1288 fretoque

223 1307 382 1342 moenia
402 1304 509 1341 felici
529 1305 711 1341 condidit
730 1304 812 1341 alta
830 1317 962 1340 manu.

169 1371 236 1408 ille
258 1384 347 1407 suos
369 1371 506 1407 docuit
529 1371 697 1407 Iunonia
718 1383 826 1406 sacra
850 1369 1032 1406 Faliscos.
1329 1369 1378 1405 35

223 1440 304 1473 sint
324 1436 435 1482 mihi,
457 1439 537 1473 sint
558 1435 706 1485 populo
727 1448 886 1484 semper
905 1437 1032 1471 amica
1052 1448 1122 1471 suo
1140 1435 1146 1470 !

725 1615 823 1652 XIV

170 1724 262 1761 NON
285 1738 372 1774 ego,
395 1738 446 1761 ne
468 1737 623 1773 pecces,
646 1736 737 1759 cum
758 1726 808 1759 sis
829 1722 1012 1768 formosa,
1034 1735 1187 1768 recuso,

223 1790 300 1839 sed·
315 1803 366 1827 ne
388 1793 439 1826 sit
459 1792 603 1826 misero
624 1792 723 1826 scire
745 1802 909 1826 necesse
931 1788 1028 1824 mihi
1048 1801 1056 1832 ;

169 1869 244 1893 nec
264 1861 306 1893 te
328 1861 464 1892 nostra
484 1856 597 1892 iubet
618 1855 702 1892 fieri
724 1868 891 1892 censura
913 1855 1112 1905 pudicam,

222 1921 293 1958 sed
313 1926 464 1967 tamen,
485 1926 531 1958 ut
551 1926 729 1970 temptes
749 1920 1011 1966 dissimulare,
1033 1926 1158 1969 rogat.

168 2041 245 2086 498
