1409 2282
678 112 816 149 OVID

723 302 781 338 IX

536 390 736 426 DEIANIRA
770 390 955 426 HERCULI

146 480 367 516 GRATULOR
391 479 625 516 Oechaliam
645 478 773 515 titulis
793 478 984 515 accedere
1007 481 1150 515 nostris
1167 491 1175 522 ;

199 543 392 577 victorem
412 542 541 576 victae
563 539 816 575 succubuisse
838 551 992 588 queror.

148 599 254 636 fania
277 599 527 649 Pelasgiadas
549 600 680 635 subito
701 601 886 648 pervenit
906 601 945 634 in
969 599 1086 635 urbes
1101 634 1114 645 ‚

199 659 360 696 decolor
381 664 423 696 et
443 659 558 695 factis
578 658 787 695 infitianda
806 661 897 701 tuis,

146 733 266 770 quem
287 733 506 769 numquam
528 719 629 755 Iuno
650 721 851 768 seriesque
873 721 1053 755 inmensa
1074 718 1253 755 laborum
1325 718 1346 754 5

201 779 381 829 fregerit,
403 779 495 815 huic
518 779 631 815 Iolen
651 781 872 827 inposuisse
893 781 1041 827 iugum.

146 840 222 876 hoc
242 839 340 876 velit
361 838 623 889 Eurystheus,
644 837 742 875 velit
762 837 837 874 hoc
857 851 1048 887 germana
1068 838 1274 883 Tonantis,

200 900 385 949 laetaque
407 901 458 935 sit
479 901 583 935 vitae
604 898 694 935 labe
715 911 886 934 noverca
906 903 1023 942 tuae3

145 965 187 996 at
208 973 288 995 non
309 959 375 995 ille
397 958 507 1003 velit,
524 961 587 994 cui
607 961 798 994 nox—sic
820 958 1130 995 creditur—una

200 1033 279 1055 non
300 1019 443 1063 tanta,1
474 1024 520 1054 ut
540 1023 684 1066 tantus
698 1021 966 1067 conciperere,
988 1018 1075 1055 fuit.
1299 1018 1347 1054 lO

148 1079 239 1116 Plus
259 1080 333 1115 tibi
354 1092 473 1128 quam
496 1078 609 1123 Iuno,
631 1081 768 1114 nocuit
789 1078 926 1115 Venus
944 1092 950 1115 ε
981 1078 1049 1114 illa
1068 1078 1290 1127 premendo

199 1139 373 1183 sustulit,
395 1138 493 1174 haec
514 1138 655 1174 humili
671 1138 686 1161 ‘3
716 1139 789 1174 sub
809 1138 913 1187 pede
935 1138 1036 1174 colla
1056 1143 1182 1175 tenet.

144 1202 298 1248 respice
319 1198 542 1234 vindicibus
564 1203 750 1247 pacatum
771 1199 918 1234 viribus
939 1199 1089 1243 orbem,

198 1272 275 1308 qua
294 1258 417 1294 latam
440 1258 594 1294 Nereus
615 1257 794 1294 caerulus
815 1258 940 1294 ambit
960 1257 1136 1294 humum.

144 1332 186 1356 se
207 1320 281 1355 tibi
302 1323 543 1368 pax-terrae,
565 1319 638 1354 tibi
660 1331 701 1354 se
723 1323 810 1354 tuta
832 1331 1003 1368 aequora
1024 1318 1201 1362 debent3
1298 1318 1345 1354 15

198 1379 361 1428 inplesti
381 1381 534 1427 meritis
556 1378 646 1414 solis
668 1383 879 1427 utramque
900 1378 1074 1414 domum.

144 1439 251 1489 quod
271 1444 312 1475 te
333 1438 508 1474 laturum
529 1443 602 1483 est,
624 1437 778 1474 caelum
799 1440 906 1486 prius
927 1441 1011 1487 ipse
1032 1438 1184 1481 tulisti3

199 1498 378 1535 Hercule
400 1500 605 1547 supposito
626 1497 755 1534 sidera
776 1497 887 1534 fulsit
907 1497 1062 1534 Atlans.

143 1558 238 1608 quid
259 1561 334 1595 nisi
355 1560 499 1594 notitia
520 1562 582 1594 est
600 1560 746 1594 misero
768 1560 946 1606 quaesita
974 1557 1128 1606 pudori,

197 1620 229 1654 si
250 1617 430 1654 cumulus
451 1620 578 1666 stupri
600 1617 704 1653 facta
726 1620 855 1665 priora
876 1618 1018 1653 notat?
1295 1618 1344 1654 *20

274 1704 282 1722 ¹
310 1708 410 1735 tanta
428 1717 441 1735 5
459 1704 546 1735 Jahn
568 1704 672 1735 Low-s
691 1715 752 1734 mn
773 1704 931 1744 Lennep:
958 1704 1049 1735 tanti
1068 1704 1100 1735 P
1115 1705 1143 1735 G
1155 1719 1187 1735 ω.

272 1747 285 1766 ⁴2
309 1748 451 1779 humilis
469 1748 502 1779 P
514 1748 543 1779 G
555 1762 576 1778 ω
594 1748 689 1779 Bent.
711 1747 807 1780 Ehw.

186 1831 200 1844 ‘¹
226 1825 298 1856 The
329 1825 536 1856 Trachiniae
568 1825 604 1856 of
634 1825 821 1866 Sophocles
852 1825 1060 1856 dramatizes
1092 1825 1153 1857 the
1180 1825 1345 1857 Deianira

142 1872 252 1909 story,
271 1868 341 1899 and
358 1868 592 1910 Apollodorus
618 1869 777 1900 contains
801 1870 839 1900 it.
906 1868 968 1901 See
985 1869 1058 1900 also
1076 1869 1178 1907 Ovid,
1198 1870 1340 1901 Aletum.

142 1913 187 1943 ix.
211 1912 325 1949 1-273,
347 1911 415 1942 and
433 1911 574 1948 Seneca,
596 1912 761 1943 Hereum
780 1912 931 1943 Oetaeus.

184 1956 197 1974 ⁶
221 1955 314 1987 Who
345 1955 501 1996 imposed
534 1956 594 1986 the
622 1955 748 1987 twclve
780 1955 919 1987 labours
945 1966 988 1986 on
1022 1955 1191 1987 Hercules
1219 1962 1255 1987 at
1283 1956 1344 1988 the

142 1999 349 2041 instigation
367 1999 402 2030 of
419 1998 523 2030 JunO.

148 2062 220 2098 108
