<?xml version="1.0" encoding="UTF-8"?>
<!DOCTYPE html PUBLIC "-//W3C//DTD XHTML 1.0 Transitional//EN"
    "http://www.w3.org/TR/xhtml1/DTD/xhtml1-transitional.dtd">
<html xmlns="http://www.w3.org/1999/xhtml" xml:lang="en" lang="en">
 <head>
  <title>
</title>
<meta http-equiv="Content-Type" content="text/html;charset=utf-8" />
  <meta name='ocr-system' content='tesseract 3.04.00' />
  <meta name='ocr-capabilities' content='ocr_page ocr_carea ocr_par ocr_line ocrx_word'/>
</head>
<body>
  <div class='ocr_page' id='page_1' title='image "./heroidesamores00ovid_0226.png"; bbox 0 0 1409 2282; ppageno 0'>
   <div class='ocr_carea' id='block_1_1' title="bbox 645 103 784 144">
    <p class='ocr_par' dir='ltr' id='par_1_1' title="bbox 645 103 784 144">
     <span class='ocr_line' id='line_1_1' title="bbox 645 103 784 144; baseline -0.014 0"><span class='ocrx_word' id='word_1_1' title='bbox 645 103 739 144; x_wconf 86' lang='lat' dir='ltr'>OVI</span> <span class='ocrx_word' id='word_1_2' title='bbox 748 107 784 143; x_wconf 78' lang='lat' dir='ltr'>l)</span> 
     </span>
    </p>
   </div>
   <div class='ocr_carea' id='block_1_2' title="bbox 103 213 1326 1645">
    <p class='ocr_par' dir='ltr' id='par_1_2' title="bbox 103 213 1326 1645">
     <span class='ocr_line' id='line_1_2' title="bbox 113 213 1109 263; baseline 0.002 -15"><span class='ocrx_word' id='word_1_3' title='bbox 113 226 193 248; x_wconf 90' lang='lat' dir='ltr'>non</span> <span class='ocrx_word' id='word_1_4' title='bbox 215 226 290 262; x_wconf 78' lang='lat' dir='ltr'>ego</span> <span class='ocrx_word' id='word_1_5' title='bbox 311 215 540 261; x_wconf 80' lang='lat' dir='ltr'>coniugium</span> <span class='ocrx_word' id='word_1_6' title='bbox 561 226 780 262; x_wconf 72' lang='lat' dir='ltr'>generosae</span> <span class='ocrx_word' id='word_1_7' title='bbox 801 213 981 263; x_wconf 83' lang='lat' dir='ltr'>degener</span> <span class='ocrx_word' id='word_1_8' title='bbox 1001 219 1109 262; x_wconf 80' lang='lat' dir='ltr'>opto,</span> 
     </span>
     <span class='ocr_line' id='line_1_3' title="bbox 168 273 1059 322; baseline 0.001 -13"><span class='ocrx_word' id='word_1_9' title='bbox 168 287 243 310; x_wconf 89' lang='lat' dir='ltr'>nec</span> <span class='ocrx_word' id='word_1_10' title='bbox 264 286 365 315; x_wconf 75' lang='lat' dir='ltr'>mea,</span> <span class='ocrx_word' id='word_1_11' title='bbox 387 273 505 309; x_wconf 88' lang='lat' dir='ltr'>crede</span> <span class='ocrx_word' id='word_1_12' title='bbox 526 273 637 319; x_wconf 84' lang='lat' dir='ltr'>mihi,</span> <span class='ocrx_word' id='word_1_13' title='bbox 659 276 834 322; x_wconf 75' lang='lat' dir='ltr'>turpiter</span> <span class='ocrx_word' id='word_1_14' title='bbox 854 287 952 310; x_wconf 84' lang='lat' dir='ltr'>uxor</span> <span class='ocrx_word' id='word_1_15' title='bbox 973 277 1059 310; x_wconf 81' lang='lat' dir='ltr'>eris.</span> 
     </span>
     <span class='ocr_line' id='line_1_4' title="bbox 116 332 1317 384; baseline 0.001 -15"><span class='ocrx_word' id='word_1_16' title='bbox 116 333 264 379; x_wconf 81' lang='lat' dir='ltr'>Pliada,</span> <span class='ocrx_word' id='word_1_17' title='bbox 286 336 316 369; x_wconf 88' lang='lat' dir='ltr'>si</span> <span class='ocrx_word' id='word_1_18' title='bbox 338 347 518 383; x_wconf 75' lang='lat' dir='ltr'>quaeres,</span> <span class='ocrx_word' id='word_1_19' title='bbox 540 336 580 369; x_wconf 91' lang='lat' dir='ltr'>in</span> <span class='ocrx_word' id='word_1_20' title='bbox 602 339 737 370; x_wconf 81' lang='lat' dir='ltr'>nostra</span> <span class='ocrx_word' id='word_1_21' title='bbox 758 339 882 382; x_wconf 79' lang='lat' dir='ltr'>gente</span> <span class='ocrx_word' id='word_1_22' title='bbox 905 334 1122 384; x_wconf 85' lang='lat' dir='ltr'>Iovemque</span> <span class='ocrx_word' id='word_1_23' title='bbox 1244 332 1317 371; x_wconf 79' lang='grc'>175</span> 
     </span>
     <span class='ocr_line' id='line_1_5' title="bbox 168 393 961 439; baseline 0 -10"><span class='ocrx_word' id='word_1_24' title='bbox 168 396 361 439; x_wconf 77' lang='lat' dir='ltr'>invenies,</span> <span class='ocrx_word' id='word_1_25' title='bbox 383 393 536 430; x_wconf 86' lang='lat' dir='ltr'>medios</span> <span class='ocrx_word' id='word_1_26' title='bbox 557 398 602 430; x_wconf 78' lang='lat' dir='ltr'>ut</span> <span class='ocrx_word' id='word_1_27' title='bbox 622 399 825 430; x_wconf 78' lang='lat' dir='ltr'>taceamus</span> <span class='ocrx_word' id='word_1_28' title='bbox 846 407 961 437; x_wconf 78' lang='lat' dir='ltr'>avos;</span> 
     </span>
     <span class='ocr_line' id='line_1_6' title="bbox 114 453 1174 503; baseline 0 -13"><span class='ocrx_word' id='word_1_29' title='bbox 114 459 273 503; x_wconf 78' lang='lat' dir='ltr'>sceptra</span> <span class='ocrx_word' id='word_1_30' title='bbox 293 467 437 502; x_wconf 81' lang='lat' dir='ltr'>parens</span> <span class='ocrx_word' id='word_1_31' title='bbox 458 453 590 499; x_wconf 78' lang='lat' dir='ltr'>Asiae,</span> <span class='ocrx_word' id='word_1_32' title='bbox 613 467 689 503; x_wconf 89' lang='lat' dir='ltr'>qua</span> <span class='ocrx_word' id='word_1_33' title='bbox 710 453 819 489; x_wconf 84' lang='lat' dir='ltr'>nulla</span> <span class='ocrx_word' id='word_1_34' title='bbox 839 454 994 490; x_wconf 75' lang='lat' dir='ltr'>beatior</span> <span class='ocrx_word' id='word_1_35' title='bbox 1013 467 1081 490; x_wconf 85' lang='lat' dir='ltr'>ora</span> <span class='ocrx_word' id='word_1_36' title='bbox 1101 459 1174 499; x_wconf 79' lang='lat' dir='ltr'>est,</span> 
     </span>
     <span class='ocr_line' id='line_1_7' title="bbox 169 513 977 559; baseline 0.001 -10"><span class='ocrx_word' id='word_1_37' title='bbox 169 514 312 550; x_wconf 86' lang='lat' dir='ltr'>finibus</span> <span class='ocrx_word' id='word_1_38' title='bbox 333 516 525 550; x_wconf 87' lang='lat' dir='ltr'>inmensis</span> <span class='ocrx_word' id='word_1_39' title='bbox 547 516 609 549; x_wconf 81' lang='lat' dir='ltr'>vix</span> <span class='ocrx_word' id='word_1_40' title='bbox 631 513 828 559; x_wconf 76' lang='lat' dir='ltr'>obeunda,</span> <span class='ocrx_word' id='word_1_41' title='bbox 850 519 977 550; x_wconf 74' lang='lat' dir='ltr'>tenet.</span> 
     </span>
     <span class='ocr_line' id='line_1_8' title="bbox 113 563 1076 623; baseline 0 -14"><span class='ocrx_word' id='word_1_42' title='bbox 113 577 343 610; x_wconf 86' lang='lat' dir='ltr'>innumeras</span> <span class='ocrx_word' id='word_1_43' title='bbox 364 574 481 609; x_wconf 80' lang='lat' dir='ltr'>urbes</span> <span class='ocrx_word' id='word_1_44' title='bbox 501 563 623 623; x_wconf 52' lang='lat' dir='ltr'>aique</span> <span class='ocrx_word' id='word_1_45' title='bbox 643 587 763 610; x_wconf 85' lang='lat' dir='ltr'>aurea</span> <span class='ocrx_word' id='word_1_46' title='bbox 781 579 891 610; x_wconf 71' lang='lat' dir='ltr'>tecta</span> <span class='ocrx_word' id='word_1_47' title='bbox 911 573 1076 618; x_wconf 86' lang='lat' dir='ltr'>videbis,</span> 
     </span>
     <span class='ocr_line' id='line_1_9' title="bbox 169 632 1321 683; baseline 0 -14"><span class='ocrx_word' id='word_1_48' title='bbox 169 646 352 683; x_wconf 88' lang='lat' dir='ltr'>quaeque</span> <span class='ocrx_word' id='word_1_49' title='bbox 373 646 462 669; x_wconf 85' lang='lat' dir='ltr'>suos</span> <span class='ocrx_word' id='word_1_50' title='bbox 483 632 591 669; x_wconf 85' lang='lat' dir='ltr'>dicas</span> <span class='ocrx_word' id='word_1_51' title='bbox 612 633 764 682; x_wconf 79' lang='lat' dir='ltr'>templa</span> <span class='ocrx_word' id='word_1_52' title='bbox 784 633 929 670; x_wconf 80' lang='lat' dir='ltr'>decere</span> <span class='ocrx_word' id='word_1_53' title='bbox 950 633 1057 670; x_wconf 86' lang='lat' dir='ltr'>deos.</span> <span class='ocrx_word' id='word_1_54' title='bbox 1246 632 1321 669; x_wconf 85' lang='lat'>180</span> 
     </span>
     <span class='ocr_line' id='line_1_10' title="bbox 117 693 996 743; baseline 0 -14"><span class='ocrx_word' id='word_1_55' title='bbox 117 693 219 730; x_wconf 89' lang='lat' dir='ltr'>Ilion</span> <span class='ocrx_word' id='word_1_56' title='bbox 240 693 436 742; x_wconf 78' lang='lat' dir='ltr'>adspicies</span> <span class='ocrx_word' id='word_1_57' title='bbox 456 693 690 743; x_wconf 79' lang='lat' dir='ltr'>firmataque</span> <span class='ocrx_word' id='word_1_58' title='bbox 710 694 886 730; x_wconf 78' lang='lat' dir='ltr'>turribus</span> <span class='ocrx_word' id='word_1_59' title='bbox 906 693 996 730; x_wconf 83' lang='lat' dir='ltr'>altis</span> 
     </span>
     <span class='ocr_line' id='line_1_11' title="bbox 170 752 1050 802; baseline -0.001 -13"><span class='ocrx_word' id='word_1_60' title='bbox 170 756 340 798; x_wconf 72' lang='lat' dir='ltr'>moenia,</span> <span class='ocrx_word' id='word_1_61' title='bbox 365 752 574 789; x_wconf 82' lang='lat' dir='ltr'>Phoebeae</span> <span class='ocrx_word' id='word_1_62' title='bbox 595 758 745 789; x_wconf 72' lang='lat' dir='ltr'>structa</span> <span class='ocrx_word' id='word_1_63' title='bbox 767 766 910 789; x_wconf 87' lang='lat' dir='ltr'>canore</span> <span class='ocrx_word' id='word_1_64' title='bbox 930 753 1050 802; x_wconf 74' lang='lat' dir='ltr'>lyrae.</span> 
     </span>
     <span class='ocr_line' id='line_1_12' title="bbox 117 813 1187 863; baseline -0.001 -14"><span class='ocrx_word' id='word_1_65' title='bbox 117 813 213 863; x_wconf 88' lang='lat' dir='ltr'>quid</span> <span class='ocrx_word' id='word_1_66' title='bbox 234 814 306 850; x_wconf 82' lang='lat' dir='ltr'>tibi</span> <span class='ocrx_word' id='word_1_67' title='bbox 328 813 378 849; x_wconf 89' lang='lat' dir='ltr'>de</span> <span class='ocrx_word' id='word_1_68' title='bbox 400 814 517 849; x_wconf 71' lang='lat' dir='ltr'>&#39;curba</span> <span class='ocrx_word' id='word_1_69' title='bbox 538 826 694 849; x_wconf 89' lang='lat' dir='ltr'>narrem</span> <span class='ocrx_word' id='word_1_70' title='bbox 716 826 962 863; x_wconf 83' lang='lat' dir='ltr'>numeroque</span> <span class='ocrx_word' id='word_1_71' title='bbox 984 813 1187 849; x_wconf 88' lang='lat' dir='ltr'>virorum?</span> 
     </span>
     <span class='ocr_line' id='line_1_13' title="bbox 172 872 1018 922; baseline -0.001 -13"><span class='ocrx_word' id='word_1_72' title='bbox 172 875 236 909; x_wconf 74' lang='lat' dir='ltr'>vix</span> <span class='ocrx_word' id='word_1_73' title='bbox 257 872 449 922; x_wconf 88' lang='lat' dir='ltr'>populum</span> <span class='ocrx_word' id='word_1_74' title='bbox 470 872 590 909; x_wconf 79' lang='lat' dir='ltr'>tellus</span> <span class='ocrx_word' id='word_1_75' title='bbox 612 875 785 909; x_wconf 76' lang='lat' dir='ltr'>sustinet</span> <span class='ocrx_word' id='word_1_76' title='bbox 805 872 872 908; x_wconf 88' lang='lat' dir='ltr'>illa</span> <span class='ocrx_word' id='word_1_77' title='bbox 893 886 1018 909; x_wconf 81' lang='lat' dir='ltr'>suum.</span> 
     </span>
     <span class='ocr_line' id='line_1_14' title="bbox 117 932 1323 982; baseline -0.001 -13"><span class='ocrx_word' id='word_1_78' title='bbox 117 938 330 969; x_wconf 76' lang='lat' dir='ltr'>occurrent</span> <span class='ocrx_word' id='word_1_79' title='bbox 350 932 476 969; x_wconf 87' lang='lat' dir='ltr'>denso</span> <span class='ocrx_word' id='word_1_80' title='bbox 496 933 569 968; x_wconf 82' lang='lat' dir='ltr'>tibi</span> <span class='ocrx_word' id='word_1_81' title='bbox 595 932 770 969; x_wconf 79' lang='lat' dir='ltr'>Troades</span> <span class='ocrx_word' id='word_1_82' title='bbox 791 936 951 982; x_wconf 78' lang='lat' dir='ltr'>agmine</span> <span class='ocrx_word' id='word_1_83' title='bbox 973 938 1133 978; x_wconf 78' lang='lat' dir='ltr'>matres,</span> <span class='ocrx_word' id='word_1_84' title='bbox 1248 932 1323 968; x_wconf 84' lang='grc'>185</span> 
     </span>
     <span class='ocr_line' id='line_1_15' title="bbox 172 992 1072 1042; baseline 0.001 -13"><span class='ocrx_word' id='word_1_85' title='bbox 172 1006 247 1030; x_wconf 86' lang='lat' dir='ltr'>nec</span> <span class='ocrx_word' id='word_1_86' title='bbox 269 996 430 1042; x_wconf 79' lang='lat' dir='ltr'>capient</span> <span class='ocrx_word' id='word_1_87' title='bbox 453 992 644 1042; x_wconf 84' lang='lat' dir='ltr'>Phrygias</span> <span class='ocrx_word' id='word_1_88' title='bbox 664 995 765 1029; x_wconf 76' lang='lat' dir='ltr'>atria</span> <span class='ocrx_word' id='word_1_89' title='bbox 784 998 920 1029; x_wconf 75' lang='lat' dir='ltr'>nostra</span> <span class='ocrx_word' id='word_1_90' title='bbox 940 1006 1072 1030; x_wconf 88' lang='lat' dir='ltr'>nurus.</span> 
     </span>
     <span class='ocr_line' id='line_1_16' title="bbox 103 1052 1322 1103; baseline -0.001 -13"><span class='ocrx_word' id='word_1_91' title='bbox 103 1067 142 1102; x_wconf 29' lang='lat' dir='ltr'>*o</span> <span class='ocrx_word' id='word_1_92' title='bbox 163 1056 349 1103; x_wconf 81' lang='lat' dir='ltr'>quotiens</span> <span class='ocrx_word' id='word_1_93' title='bbox 370 1053 479 1089; x_wconf 87' lang='lat' dir='ltr'>dices</span> <span class='ocrx_word' id='word_1_94' title='bbox 496 1067 503 1090; x_wconf 89' lang='lat'>:</span> <span class='ocrx_word' id='word_1_95' title='bbox 536 1057 558 1073; x_wconf 85' lang='lat'><strong>“</strong></span> <span class='ocrx_word' id='word_1_96' title='bbox 572 1066 691 1102; x_wconf 90' lang='lat' dir='ltr'>quam</span> <span class='ocrx_word' id='word_1_97' title='bbox 711 1066 864 1102; x_wconf 79' lang='lat' dir='ltr'>pauper</span> <span class='ocrx_word' id='word_1_98' title='bbox 884 1053 1036 1089; x_wconf 82' lang='lat' dir='ltr'>Achaia</span> <span class='ocrx_word' id='word_1_99' title='bbox 1056 1059 1193 1090; x_wconf 80' lang='lat' dir='ltr'>nostra</span> <span class='ocrx_word' id='word_1_100' title='bbox 1212 1052 1322 1090; x_wconf 80' lang='lat' dir='ltr'>est!”</span> 
     </span>
     <span class='ocr_line' id='line_1_17' title="bbox 174 1113 1038 1163; baseline 0.001 -14"><span class='ocrx_word' id='word_1_101' title='bbox 174 1127 253 1150; x_wconf 91' lang='lat' dir='ltr'>una</span> <span class='ocrx_word' id='word_1_102' title='bbox 273 1114 414 1150; x_wconf 87' lang='lat' dir='ltr'>domus</span> <span class='ocrx_word' id='word_1_103' title='bbox 435 1116 596 1163; x_wconf 83' lang='lat' dir='ltr'>quaevis</span> <span class='ocrx_word' id='word_1_104' title='bbox 616 1114 724 1150; x_wconf 89' lang='lat' dir='ltr'>urbis</span> <span class='ocrx_word' id='word_1_105' title='bbox 746 1113 911 1150; x_wconf 80' lang='lat' dir='ltr'>habebit</span> <span class='ocrx_word' id='word_1_106' title='bbox 931 1127 1038 1162; x_wconf 76' lang='lat' dir='ltr'>opes,</span> 
     </span>
     <span class='ocr_line' id='line_1_18' title="bbox 121 1173 1244 1222; baseline 0 -13"><span class='ocrx_word' id='word_1_107' title='bbox 121 1173 207 1210; x_wconf 89' lang='lat' dir='ltr'>Nec</span> <span class='ocrx_word' id='word_1_108' title='bbox 228 1173 325 1209; x_wconf 89' lang='lat' dir='ltr'>mihi</span> <span class='ocrx_word' id='word_1_109' title='bbox 347 1173 405 1209; x_wconf 86' lang='lat' dir='ltr'>fas</span> <span class='ocrx_word' id='word_1_110' title='bbox 426 1173 549 1210; x_wconf 76' lang='lat' dir='ltr'>fuerit</span> <span class='ocrx_word' id='word_1_111' title='bbox 569 1173 742 1222; x_wconf 77' lang='lat' dir='ltr'>Sparten</span> <span class='ocrx_word' id='word_1_112' title='bbox 764 1179 1024 1210; x_wconf 78' lang='lat' dir='ltr'>contemnere</span> <span class='ocrx_word' id='word_1_113' title='bbox 1046 1179 1244 1217; x_wconf 77' lang='lat' dir='ltr'>vestram3</span> 
     </span>
     <span class='ocr_line' id='line_1_19' title="bbox 174 1233 1325 1284; baseline -0.001 -14"><span class='ocrx_word' id='word_1_114' title='bbox 174 1237 215 1270; x_wconf 88' lang='lat' dir='ltr'>in</span> <span class='ocrx_word' id='word_1_115' title='bbox 237 1247 314 1284; x_wconf 87' lang='lat' dir='ltr'>qua</span> <span class='ocrx_word' id='word_1_116' title='bbox 334 1239 378 1270; x_wconf 81' lang='lat' dir='ltr'>tu</span> <span class='ocrx_word' id='word_1_117' title='bbox 400 1238 495 1270; x_wconf 79' lang='lat' dir='ltr'>nata</span> <span class='ocrx_word' id='word_1_118' title='bbox 516 1247 569 1279; x_wconf 79' lang='lat' dir='ltr'>eS‚</span> <span class='ocrx_word' id='word_1_119' title='bbox 591 1238 699 1270; x_wconf 80' lang='lat' dir='ltr'>terra</span> <span class='ocrx_word' id='word_1_120' title='bbox 720 1234 837 1270; x_wconf 80' lang='lat' dir='ltr'>beata</span> <span class='ocrx_word' id='word_1_121' title='bbox 857 1234 956 1270; x_wconf 87' lang='lat' dir='ltr'>mihi</span> <span class='ocrx_word' id='word_1_122' title='bbox 977 1240 1049 1271; x_wconf 78' lang='lat' dir='ltr'>est.</span> <span class='ocrx_word' id='word_1_123' title='bbox 1251 1233 1325 1270; x_wconf 87' lang='lat'>190</span> 
     </span>
     <span class='ocr_line' id='line_1_20' title="bbox 120 1293 1105 1344; baseline 0.001 -14"><span class='ocrx_word' id='word_1_124' title='bbox 120 1307 238 1343; x_wconf 81' lang='lat' dir='ltr'>parca</span> <span class='ocrx_word' id='word_1_125' title='bbox 258 1293 329 1331; x_wconf 87' lang='lat' dir='ltr'>sed</span> <span class='ocrx_word' id='word_1_126' title='bbox 351 1299 412 1331; x_wconf 80' lang='lat' dir='ltr'>est</span> <span class='ocrx_word' id='word_1_127' title='bbox 433 1293 589 1343; x_wconf 79' lang='lat' dir='ltr'>Sparte,</span> <span class='ocrx_word' id='word_1_128' title='bbox 611 1299 656 1330; x_wconf 83' lang='lat' dir='ltr'>tu</span> <span class='ocrx_word' id='word_1_129' title='bbox 677 1293 788 1330; x_wconf 76' lang='lat' dir='ltr'>cultu</span> <span class='ocrx_word' id='word_1_130' title='bbox 809 1294 934 1331; x_wconf 77' lang='lat' dir='ltr'>divite</span> <span class='ocrx_word' id='word_1_131' title='bbox 955 1295 1078 1344; x_wconf 84' lang='lat' dir='ltr'>digna</span> <span class='ocrx_word' id='word_1_132' title='bbox 1097 1308 1105 1339; x_wconf 93' lang='lat'>;</span> 
     </span>
     <span class='ocr_line' id='line_1_21' title="bbox 175 1353 1016 1392; baseline 0 -1"><span class='ocrx_word' id='word_1_133' title='bbox 175 1355 225 1391; x_wconf 89' lang='lat' dir='ltr'>ad</span> <span class='ocrx_word' id='word_1_134' title='bbox 246 1354 370 1391; x_wconf 83' lang='lat' dir='ltr'>talem</span> <span class='ocrx_word' id='word_1_135' title='bbox 391 1353 559 1390; x_wconf 89' lang='lat' dir='ltr'>formam</span> <span class='ocrx_word' id='word_1_136' title='bbox 580 1367 660 1390; x_wconf 91' lang='lat' dir='ltr'>non</span> <span class='ocrx_word' id='word_1_137' title='bbox 681 1354 778 1391; x_wconf 77' lang='lat' dir='ltr'>facit</span> <span class='ocrx_word' id='word_1_138' title='bbox 798 1357 874 1391; x_wconf 80' lang='lat' dir='ltr'>iste</span> <span class='ocrx_word' id='word_1_139' title='bbox 896 1354 1016 1392; x_wconf 87' lang='lat' dir='ltr'>locus.</span> 
     </span>
     <span class='ocr_line' id='line_1_22' title="bbox 120 1414 1041 1464; baseline 0.001 -13"><span class='ocrx_word' id='word_1_140' title='bbox 120 1414 223 1451; x_wconf 89' lang='lat' dir='ltr'>hanc</span> <span class='ocrx_word' id='word_1_141' title='bbox 246 1414 390 1451; x_wconf 86' lang='lat' dir='ltr'>faciem</span> <span class='ocrx_word' id='word_1_142' title='bbox 410 1414 530 1464; x_wconf 81' lang='lat' dir='ltr'>largis</span> <span class='ocrx_word' id='word_1_143' title='bbox 552 1417 637 1450; x_wconf 87' lang='lat' dir='ltr'>sine</span> <span class='ocrx_word' id='word_1_144' title='bbox 659 1414 736 1450; x_wconf 90' lang='lat' dir='ltr'>fine</span> <span class='ocrx_word' id='word_1_145' title='bbox 758 1415 961 1463; x_wconf 75' lang='lat' dir='ltr'>paratibus</span> <span class='ocrx_word' id='word_1_146' title='bbox 983 1419 1041 1452; x_wconf 78' lang='lat' dir='ltr'>uti</span> 
     </span>
     <span class='ocr_line' id='line_1_23' title="bbox 175 1474 912 1524; baseline -0.001 -13"><span class='ocrx_word' id='word_1_147' title='bbox 175 1475 410 1524; x_wconf 81' lang='lat' dir='ltr'>deliciisque</span> <span class='ocrx_word' id='word_1_148' title='bbox 431 1474 551 1511; x_wconf 77' lang='lat' dir='ltr'>decet</span> <span class='ocrx_word' id='word_1_149' title='bbox 572 1474 770 1511; x_wconf 82' lang='lat' dir='ltr'>luxuriare</span> <span class='ocrx_word' id='word_1_150' title='bbox 792 1478 912 1511; x_wconf 88' lang='lat' dir='ltr'>novis.</span> 
     </span>
     <span class='ocr_line' id='line_1_24' title="bbox 122 1534 1326 1584; baseline 0.001 -13"><span class='ocrx_word' id='word_1_151' title='bbox 122 1549 213 1572; x_wconf 86' lang='lat' dir='ltr'>cum</span> <span class='ocrx_word' id='word_1_152' title='bbox 233 1535 368 1571; x_wconf 86' lang='lat' dir='ltr'>videas</span> <span class='ocrx_word' id='word_1_153' title='bbox 389 1534 519 1571; x_wconf 81' lang='lat' dir='ltr'>cultus</span> <span class='ocrx_word' id='word_1_154' title='bbox 539 1540 675 1571; x_wconf 78' lang='lat' dir='ltr'>nostra</span> <span class='ocrx_word' id='word_1_155' title='bbox 695 1535 746 1571; x_wconf 86' lang='lat' dir='ltr'>de</span> <span class='ocrx_word' id='word_1_156' title='bbox 766 1540 890 1584; x_wconf 78' lang='lat' dir='ltr'>gente</span> <span class='ocrx_word' id='word_1_157' title='bbox 912 1538 1097 1581; x_wconf 81' lang='lat' dir='ltr'>virorum,</span> <span class='ocrx_word' id='word_1_158' title='bbox 1252 1536 1326 1572; x_wconf 86' lang='grc'>195</span> 
     </span>
     <span class='ocr_line' id='line_1_25' title="bbox 176 1594 1073 1645; baseline 0.002 -15"><span class='ocrx_word' id='word_1_159' title='bbox 176 1595 336 1645; x_wconf 85' lang='lat' dir='ltr'>qualem</span> <span class='ocrx_word' id='word_1_160' title='bbox 359 1594 580 1631; x_wconf 85' lang='lat' dir='ltr'>Dardanias</span> <span class='ocrx_word' id='word_1_161' title='bbox 601 1595 730 1631; x_wconf 90' lang='lat' dir='ltr'>credis</span> <span class='ocrx_word' id='word_1_162' title='bbox 751 1594 899 1631; x_wconf 85' lang='lat' dir='ltr'>habere</span> <span class='ocrx_word' id='word_1_163' title='bbox 920 1608 1042 1632; x_wconf 89' lang='lat' dir='ltr'>nurus</span> <span class='ocrx_word' id='word_1_164' title='bbox 1059 1597 1073 1632; x_wconf 87' lang='lat'>?</span> 
     </span>
    </p>
   </div>
   <div class='ocr_carea' id='block_1_3' title="bbox 122 1654 1327 1867">
    <p class='ocr_par' dir='ltr' id='par_1_3' title="bbox 122 1654 1126 1759">
     <span class='ocr_line' id='line_1_26' title="bbox 122 1654 1126 1704; baseline 0 -12"><span class='ocrx_word' id='word_1_165' title='bbox 122 1655 173 1692; x_wconf 87' lang='lat' dir='ltr'>da</span> <span class='ocrx_word' id='word_1_166' title='bbox 193 1655 312 1691; x_wconf 88' lang='lat' dir='ltr'>modo</span> <span class='ocrx_word' id='word_1_167' title='bbox 332 1660 374 1691; x_wconf 76' lang='lat' dir='ltr'>te</span> <span class='ocrx_word' id='word_1_168' title='bbox 396 1654 567 1700; x_wconf 79' lang='lat' dir='ltr'>facilem,</span> <span class='ocrx_word' id='word_1_169' title='bbox 590 1668 664 1691; x_wconf 90' lang='grc'><strong>1100</strong></span> <span class='ocrx_word' id='word_1_170' title='bbox 685 1654 905 1704; x_wconf 80' lang='lat' dir='ltr'>dedignare</span> <span class='ocrx_word' id='word_1_171' title='bbox 926 1658 1126 1701; x_wconf 76' lang='lat' dir='ltr'>maritum,</span> 
     </span>
     <span class='ocr_line' id='line_1_27' title="bbox 177 1709 1066 1759; baseline 0 -13"><span class='ocrx_word' id='word_1_172' title='bbox 177 1723 267 1746; x_wconf 91' lang='lat' dir='ltr'>rure</span> <span class='ocrx_word' id='word_1_173' title='bbox 288 1709 551 1758; x_wconf 84' lang='lat' dir='ltr'>Therapnaeo</span> <span class='ocrx_word' id='word_1_174' title='bbox 572 1714 667 1745; x_wconf 77' lang='lat' dir='ltr'>nata</span> <span class='ocrx_word' id='word_1_175' title='bbox 686 1709 831 1758; x_wconf 81' lang='lat' dir='ltr'>puella,</span> <span class='ocrx_word' id='word_1_176' title='bbox 855 1709 1066 1759; x_wconf 81' lang='lat' dir='ltr'>Phrygem.</span> 
     </span>
    </p>

    <p class='ocr_par' dir='ltr' id='par_1_4' title="bbox 125 1763 1327 1867">
     <span class='ocr_line' id='line_1_28' title="bbox 125 1763 1281 1814; baseline 0 -15"><span class='ocrx_word' id='word_1_177' title='bbox 125 1763 257 1813; x_wconf 76' lang='lat' dir='ltr'>Phryx</span> <span class='ocrx_word' id='word_1_178' title='bbox 278 1769 364 1800; x_wconf 79' lang='lat' dir='ltr'>erat</span> <span class='ocrx_word' id='word_1_179' title='bbox 386 1769 427 1799; x_wconf 77' lang='lat' dir='ltr'>et</span> <span class='ocrx_word' id='word_1_180' title='bbox 448 1769 584 1799; x_wconf 80' lang='lat' dir='ltr'>nostro</span> <span class='ocrx_word' id='word_1_181' title='bbox 604 1766 765 1812; x_wconf 78' lang='lat' dir='ltr'>genitus</span> <span class='ocrx_word' id='word_1_182' title='bbox 786 1763 837 1799; x_wconf 87' lang='lat' dir='ltr'>de</span> <span class='ocrx_word' id='word_1_183' title='bbox 858 1767 1064 1813; x_wconf 78' lang='lat' dir='ltr'>sanguine,</span> <span class='ocrx_word' id='word_1_184' title='bbox 1086 1767 1154 1814; x_wconf 88' lang='lat' dir='ltr'>qui</span> <span class='ocrx_word' id='word_1_185' title='bbox 1174 1777 1281 1800; x_wconf 88' lang='grc'><strong>1111110</strong></span> 
     </span>
     <span class='ocr_line' id='line_1_29' title="bbox 177 1817 1327 1867; baseline 0.001 -14"><span class='ocrx_word' id='word_1_186' title='bbox 177 1831 267 1854; x_wconf 86' lang='grc'><strong>011111</strong></span> <span class='ocrx_word' id='word_1_187' title='bbox 288 1817 348 1854; x_wconf 86' lang='lat' dir='ltr'>dis</span> <span class='ocrx_word' id='word_1_188' title='bbox 370 1817 547 1866; x_wconf 77' lang='lat' dir='ltr'>potando</span> <span class='ocrx_word' id='word_1_189' title='bbox 567 1823 730 1854; x_wconf 80' lang='lat' dir='ltr'>nectare</span> <span class='ocrx_word' id='word_1_190' title='bbox 751 1820 893 1854; x_wconf 79' lang='lat' dir='ltr'>miscet</span> <span class='ocrx_word' id='word_1_191' title='bbox 913 1831 1044 1867; x_wconf 83' lang='lat' dir='ltr'>aquas.</span> <span class='ocrx_word' id='word_1_192' title='bbox 1251 1818 1327 1854; x_wconf 78' lang='grc'><strong>200</strong></span> 
     </span>
    </p>
   </div>
   <div class='ocr_carea' id='block_1_4' title="bbox 125 1921 1328 2040">
    <p class='ocr_par' dir='ltr' id='par_1_5' title="bbox 125 1921 1328 2040">
     <span class='ocr_line' id='line_1_30' title="bbox 167 1921 1037 1960; baseline 0.001 -8"><span class='ocrx_word' id='word_1_193' title='bbox 167 1928 182 1942; x_wconf 72' lang='lat'>‘²</span> <span class='ocrx_word' id='word_1_194' title='bbox 207 1922 357 1960; x_wconf 77' lang='lat' dir='ltr'>Electra,</span> <span class='ocrx_word' id='word_1_195' title='bbox 378 1922 515 1953; x_wconf 81' lang='lat' dir='ltr'>mother</span> <span class='ocrx_word' id='word_1_196' title='bbox 531 1922 567 1952; x_wconf 79' lang='lat' dir='ltr'>of</span> <span class='ocrx_word' id='word_1_197' title='bbox 585 1921 780 1959; x_wconf 75' lang='lat' dir='ltr'>Dardaan</span> <span class='ocrx_word' id='word_1_198' title='bbox 801 1932 862 1952; x_wconf 86' lang='lat' dir='ltr'>son</span> <span class='ocrx_word' id='word_1_199' title='bbox 879 1921 915 1952; x_wconf 76' lang='lat' dir='ltr'>of</span> <span class='ocrx_word' id='word_1_200' title='bbox 938 1921 1037 1953; x_wconf 78' lang='lat' dir='ltr'>Jove.</span> 
     </span>
     <span class='ocr_line' id='line_1_31' title="bbox 125 1964 1328 2040; baseline 0 -44"><span class='ocrx_word' id='word_1_201' title='bbox 125 1965 179 2040; x_wconf 68' lang='lat' dir='ltr'>Lb</span> <span class='ocrx_word' id='word_1_202' title='bbox 203 1966 330 2039; x_wconf 57' lang='lat' dir='ltr'>Apcssso</span> <span class='ocrx_word' id='word_1_203' title='bbox 361 1965 448 1996; x_wconf 83' lang='lat' dir='ltr'>with</span> <span class='ocrx_word' id='word_1_204' title='bbox 480 1965 534 1995; x_wconf 79' lang='lat' dir='ltr'>his</span> <span class='ocrx_word' id='word_1_205' title='bbox 565 1965 675 1995; x_wconf 84' lang='lat' dir='ltr'>music</span> <span class='ocrx_word' id='word_1_206' title='bbox 707 1964 833 1996; x_wconf 77' lang='lat' dir='ltr'>caused</span> <span class='ocrx_word' id='word_1_207' title='bbox 871 1965 931 1996; x_wconf 81' lang='lat' dir='ltr'>the</span> <span class='ocrx_word' id='word_1_208' title='bbox 964 1965 1060 1996; x_wconf 78' lang='lat' dir='ltr'>walls</span> <span class='ocrx_word' id='word_1_209' title='bbox 1101 1969 1138 1996; x_wconf 85' lang='lat' dir='ltr'>to</span> <span class='ocrx_word' id='word_1_210' title='bbox 1168 1965 1236 1996; x_wconf 81' lang='lat' dir='ltr'>rise</span> <span class='ocrx_word' id='word_1_211' title='bbox 1274 1964 1328 1995; x_wconf 87' lang='lat' dir='ltr'>for</span> 
     </span>
     <span class='ocr_line' id='line_1_32' title="bbox 154 2019 335 2040; baseline 0 0"><span class='ocrx_word' id='word_1_212' title='bbox 154 2019 266 2040; x_wconf 62' lang='lat' dir='ltr'>amne(</span> <span class='ocrx_word' id='word_1_213' title='bbox 280 2020 335 2040; x_wconf 92' lang='lat' dir='ltr'>on.</span> 
     </span>
    </p>
   </div>
   <div class='ocr_carea' id='block_1_5' title="bbox 127 2077 202 2101">
    <p class='ocr_par' dir='ltr' id='par_1_6' title="bbox 127 2077 202 2101">
     <span class='ocr_line' id='line_1_33' title="bbox 127 2077 202 2101; baseline -0.013 0"><span class='ocrx_word' id='word_1_214' title='bbox 127 2077 202 2101; x_wconf 86' lang='lat'>210</span> 
     </span>
    </p>
   </div>
  </div>
 </body>
</html>
