1409 2282
691 91 830 128 OVID

163 198 346 235 fluctibus
367 201 540 235 eiectum
561 203 649 235 tuta
670 200 841 235 statione
864 200 994 247 recepi

217 267 360 314 vixque
382 265 485 301 bene
505 264 643 300 audito
663 266 823 300 nomine
845 276 968 312 regna
987 262 1092 299 dedi.
1313 262 1362 298 90

163 329 224 365 his
244 335 380 366 tamen
401 329 535 366 officiis
555 332 709 366 utinam
730 334 921 366 contenta
940 328 1116 373 fuissem,

218 400 260 431 et
280 394 377 430 mihi
398 395 633 431 concubitus
654 394 759 430 fama
779 394 936 443 sepulta
956 393 1082 430 foret!

163 460 230 496 illa
250 459 335 496 dies
355 463 504 506 nocuit,
526 473 603 510 qua
623 473 693 496 nos
714 459 868 496 declive
889 460 961 496 sub
989 465 1149 496 antrum

219 525 424 562 caeruleus
445 526 585 562 subitis
607 525 787 575 conpulit
807 526 934 562 imber
953 527 1074 575 aquis.

163 591 367 627 audieram
387 604 525 628 vocem
544 604 552 635 ;
581 590 777 641 nymphas
798 590 968 627 ululasse
989 592 1182 639 putavi—
1314 589 1363 625 95

220 657 465 694 Eumenides
486 656 577 694 fatis
599 660 711 706 signa
731 657 881 694 dedere
901 656 1014 693 meis!

165 722 306 771 Exige,
327 722 432 759 laese
454 722 593 771 pudor,
613 736 762 772 poenas
780 724 786 759 Σ
809 722 953 759 violate
975 721 1143 771 Sychaei
1160 721 1172 744 1
1191 750 1197 757 .
1231 750 1237 756 .
1271 749 1278 756 .

219 787 268 823 ad
290 801 400 837 quas,
420 801 484 824 me
514 791 713 834 miseram,
733 788 853 837 plena
872 787 1034 837 pudoris
1055 800 1112 823 eo.

166 859 228 891 est
247 853 345 889 mihi
367 866 587 890 marmorea
607 859 782 890 sacratus
803 856 843 889 in
864 853 963 889 aede
985 852 1242 902 Sychaeus—

220 921 426 968 oppositae
447 918 610 955 frondes
631 918 859 968 velleraque
880 917 968 954 alba
987 922 1146 966 tegunt.
1291 915 1366 952 100

165 984 260 1021 hinc
282 997 358 1033 ego
378 997 442 1020 me
464 986 570 1020 sensi
591 989 687 1020 noto
708 988 850 1033 quater
870 996 936 1019 ore
958 985 1070 1019 citari
1089 995 1097 1026 3

220 1053 304 1099 ipse
326 1062 422 1085 sono
442 1051 556 1085 tenui
576 1048 678 1085 dixit
699 1053 721 1068 “
739 1048 878 1093 Elissa,
899 1048 1003 1084 veni!
1023 1047 1042 1059 '’

167 1114 288 1151 Nulla
308 1127 418 1150 mora
439 1119 513 1168 est,
535 1116 664 1159 venio,
685 1116 801 1150 venio
821 1114 895 1150 tibi
916 1113 1054 1149 debita
1075 1115 1247 1149 coniunx
1267 1125 1276 1155 3

221 1193 307 1217 sum
327 1185 464 1216 tamen
484 1179 645 1215 admissi
665 1179 778 1215 tarda
798 1178 950 1228 pudore
970 1181 1060 1215 mei.

165 1245 215 1281 da
235 1247 392 1281 veniam
412 1244 551 1294 culpae
568 1245 575 1280 ἱ
596 1244 757 1293 decepit
776 1244 943 1280 idoneus
963 1248 1100 1280 auctor
1119 1257 1127 1287 ;
1294 1243 1367 1279 105

221 1310 409 1347 invidiam
431 1323 557 1346 noxae
579 1309 757 1346 detrahit
777 1309 844 1346 ille
865 1322 989 1345 meae.

167 1376 259 1412 diva
279 1389 422 1425 parens
443 1378 654 1425 seniorque
676 1381 804 1425 pater,
825 1378 887 1424 pia
909 1377 1061 1411 sarcina
1082 1377 1179 1419 nati,

221 1455 333 1491 spem
353 1441 451 1477 mihi
470 1443 644 1478 mansuri
664 1444 740 1477 rite
761 1441 911 1477 dedere
932 1438 1034 1476 viri.2

168 1509 198 1543 si
220 1506 297 1543 fuit
318 1506 544 1552 errandum,
566 1519 701 1543 causas
722 1506 846 1543 habet
867 1519 974 1542 error
994 1505 1207 1548 honestas;

220 1571 323 1608 adde
346 1571 478 1616 fidem,
501 1571 609 1608 nulla
630 1577 743 1621 parte
764 1570 963 1620 pigendus
984 1573 1069 1607 erit.
1294 1568 1369 1605 110

168 1637 298 1674 Durat
318 1639 359 1673 in
380 1642 606 1673 extremum
627 1639 812 1686 vitaeque
833 1638 1045 1672 novissima
1065 1640 1224 1672 nostrae

221 1705 475 1752 prosequitur
495 1702 581 1748 fati,
602 1705 669 1752 qui
689 1701 767 1738 fuit
787 1707 895 1747 ante,
916 1706 1042 1738 tenor.

168 1767 315 1805 occidit
335 1770 513 1804 internas
534 1770 708 1804 coniunx
729 1772 927 1803 mactatus
947 1766 997 1803 ad
1017 1779 1115 1811 aras,

222 1839 264 1870 et
284 1833 444 1870 sceleris
464 1836 568 1869 tanti
588 1835 762 1881 praemia
782 1831 906 1868 frater
925 1831 1048 1867 habet
1066 1844 1074 1874 ;

430 1902 440 1921 ¹
467 1902 621 1934 Lacuna.
831 1901 845 1920 ²
867 1902 937 1933 tori
956 1901 984 1933 G
1001 1901 1113 1934 *Uer-k.

508 1987 524 2000 ‘²
547 1980 668 2012 Dido's
684 1980 848 2014 husband
863 1981 899 2014 in
916 1980 1018 2024 Tyre.

173 2056 225 2091 90
