1409 2282
669 39 808 77 OVID

138 145 245 195 quod
266 145 393 181 solum
415 150 590 191 excusat,
612 145 739 181 solum
760 148 910 182 miraris
932 148 971 181 in
994 145 1086 190 illo3

191 216 383 253 heredem
405 219 569 266 patriae,
591 216 755 265 perfide,
776 216 924 253 fraudis
945 220 1039 266 agis.

139 288 336 324 illa—nec
357 287 718 324 invideo—fruitur
737 288 901 324 meliore
928 291 1070 325 marito

193 362 314 409 inque
335 361 557 408 capistratis
578 359 746 408 tigribus
767 358 848 395 alta
877 359 1016 402 sedet;
1289 358 1339 395 80

138 435 180 466 at
200 443 290 465 mea
309 429 491 478 despecti
512 428 674 479 fugiunt
695 430 863 466 conubia
883 428 1069 475 Thraces,

193 500 299 551 quod
320 501 424 538 ferar
445 507 657 538 externum
677 504 950 551 praeposuisse
971 505 1080 538 meis.

139 577 260 622 atque
281 572 421 622 aliquis
436 575 545 608 “iam
559 586 666 609 nunc
680 572 817 609 doctas
831 572 933 617 eat,'’
950 575 1093 622 inquit,
1108 572 1341 616 “Athenas3

194 643 419 680 armiferain
439 643 622 680 Thracen
643 646 710 693 qui
732 648 857 692 regat,
879 643 981 680 alter
1001 645 1086 679 erit.

141 717 271 751 exitus
292 720 381 751 acta
401 715 577 764 probat.”
617 719 749 751 careat
770 715 1029 759 successibus,
1050 719 1158 763 opto,
1291 714 1340 750 85

195 787 371 835 quisquis
392 785 442 821 ab
463 789 611 821 eventu
632 784 738 821 facta
758 784 935 820 notanda
955 784 1094 833 putat!

140 861 183 892 at
203 858 234 892 si
255 861 390 892 nostra
410 860 480 892 tuo
501 860 757 904 spumescant
776 868 947 905 aequora
967 867 1089 900 remo,

195 930 272 963 iam
292 926 403 972 mihi,
424 929 502 963 iam
522 926 630 963 dicar
650 926 894 963 consuluisse
921 928 1076 962 meis——

142 999 212 1036 sed
233 1012 365 1049 neque
387 998 580 1043 consului,
602 1011 677 1034 nec
698 1003 739 1034 te
760 1011 849 1034 mea
869 1000 979 1046 regia
998 1002 1142 1046 tanget

196 1064 379 1113 fessaque
402 1063 581 1100 Bistonia
601 1064 780 1100 membra
800 1062 948 1099 lavabis
969 1062 1093 1112 aqua!
1292 1062 1342 1099 90

144 1129 218 1165 Illa
236 1132 336 1166 meis
357 1129 480 1166 oculis
501 1131 653 1178 species
674 1129 859 1165 abeuntis
879 1128 1075 1173 inhaeret,

197 1209 287 1231 cum
308 1199 510 1244 premeret
530 1199 666 1244 portus
688 1194 820 1231 classis
841 1197 944 1230 itura
963 1207 1084 1230 meos.

143 1274 260 1298 ausus
282 1274 323 1298 es
344 1260 534 1310 amplecti
556 1259 738 1310 colloque
759 1259 912 1297 infusus
932 1262 1102 1296 amantis

197 1326 331 1363 oscula
352 1339 424 1376 per
444 1326 583 1375 longas
604 1329 770 1375 iungere
791 1338 925 1375 pressa
944 1338 1072 1362 moras

144 1405 315 1442 cumque
335 1394 415 1428 tuis
436 1391 606 1428 lacrimis
625 1391 806 1427 lacrimas
827 1390 1073 1427 confundere
1094 1395 1261 1435 nostras,
1293 1390 1342 1426 95

198 1457 385 1508 quodque
406 1457 510 1493 foret
530 1457 627 1493 velis
647 1470 740 1493 aura
761 1456 948 1502 secunda,
970 1458 1081 1506 queri

145 1528 187 1560 et
206 1522 304 1559 mihi
325 1521 536 1559 discedens
558 1535 741 1571 suprema
761 1522 895 1558 dicere
916 1535 1012 1558 voce
1030 1535 1037 1558 :

199 1592 223 1609 “
239 1587 384 1637 Phylli,
406 1587 468 1624 fac
489 1592 678 1637 expectes
700 1586 1011 1636 Demophoonta
1031 1592 1145 1624 tuum
1162 1587 1168 1623 Ι
1186 1587 1206 1598 ”

145 1654 381 1703 Expectem,
402 1656 469 1703 qui
490 1666 553 1689 me
574 1666 792 1703 numquam
812 1655 963 1689 visurus
983 1653 1128 1689 abisti?

199 1723 410 1768 expectem
432 1718 575 1767 pelago
596 1718 683 1754 vela
704 1723 852 1767 negata
872 1718 1019 1754 meo?1
1268 1718 1344 1754 100

245 1816 256 1835 ¹
279 1816 324 1848 So
343 1816 372 1848 G
385 1830 408 1847 ω
425 1828 432 1847 z
457 1819 609 1857 negante
625 1815 710 1847 data
727 1816 811 1848 Pa.:
838 1816 960 1847 velane
977 1819 1100 1857 gabata
1118 1826 1193 1847 meo
1214 1816 1252 1847 P.

187 1900 203 1913 α
226 1893 330 1925 After
347 1893 512 1924 Theseus’
529 1893 706 1924 desertion
724 1893 759 1924 of
783 1893 856 1931 her,
875 1892 1032 1924 Ariadne
1049 1904 1120 1924 was
1139 1893 1283 1925 wedded
1307 1897 1345 1925 to

143 1937 313 1975 Bacchus,
334 1937 449 1968 whose
466 1937 575 1978 tigers
591 1937 661 1968 and
678 1947 737 1968 car
753 1937 814 1968 she
830 1936 957 1968 drives.

146 2001 194 2036 26
