1409 2282
664 49 804 87 OVID

130 167 247 192 eausa
266 160 336 192 tua
357 160 418 192 est
439 155 572 204 dispar
590 168 598 200 ;
628 161 673 192 tu
694 161 854 193 tantum
877 159 1009 193 vivere
1032 170 1179 206 pugna,

184 229 304 276 inque
326 229 410 276 pios
430 226 616 263 dominae
637 240 750 276 posse
773 227 903 264 redire
925 230 1043 264 Sinus.

132 297 298 343 Parcite,
323 297 588 343 Dardanidae,
609 298 660 335 de
680 304 754 344 tot,
775 312 926 348 precor,
947 299 1127 336 hostibus
1146 302 1228 346 uni,

186 382 237 405 ne
260 381 373 405 meus
396 382 444 405 ex
465 368 533 405 ilio
554 382 716 418 corpore
738 373 898 420 sanguis
919 375 985 407 eat
1006 372 1012 407 l

130 447 210 470 non
232 439 293 471 est
314 447 434 484 quem
455 434 598 471 deceat
618 435 726 472 nudo
747 449 982 473 concurrere
1003 436 1121 482 ferro,

185 514 380 550 saevaque
402 503 442 536 in
464 504 666 550 oppositos
687 506 850 550 pectora
871 501 974 538 ferre
996 505 1121 546 viros;

130 565 271 603 fortius
291 566 358 603 ille
380 572 515 615 potest
533 566 674 612 multo,
695 580 813 616 quam
834 572 1000 616 pugnat,
1021 581 1163 604 amare.

185 632 291 668 bella
311 637 456 681 gerant
477 632 542 668 alii
562 645 570 676 ;
602 632 842 669 Protesilaus
862 633 994 669 amet!

132 697 169 733 Ν
173 711 250 734 unc
270 697 562 734 fateor—volui
582 711 779 743 revocare,
800 701 1035 748 animusque
1056 698 1212 735 ferebat
1230 711 1238 742 ;

185 764 365 800 substitit
385 766 548 813 auspicii
569 763 705 812 lingua
725 766 868 800 timore
889 764 993 800 mali.

130 841 221 865 eum
241 828 390 865 foribus
411 829 534 866 velles
554 829 604 865 ad
625 817 782 865 Troiam}
803 832 911 866 exire
931 832 1120 878 paternis,

184 907 254 943 pes
275 900 368 931 tuus
388 894 538 931 offenso
558 895 695 931 limine
717 897 829 944 signa
850 895 975 932 dedit.

129 965 176 996 ut
198 960 289 1005 vidi,
312 963 502 1010 ingemui,
524 963 727 1010 tacitoque
749 963 789 996 in
810 965 973 1010 pectore
995 960 1076 997 dixi
1095 975 1102 997 :

185 1030 208 1046 “
225 1029 337 1075 signa
359 1029 555 1062 reversuri
576 1029 668 1071 sint,
691 1039 843 1075 precor,
865 1029 940 1063 ista
962 1029 1033 1062 viri
1052 1027 1058 1062 !
1078 1026 1099 1037 ”

129 1090 228 1128 haee
250 1092 323 1128 tibi
345 1105 451 1128 nunc
472 1091 616 1137 refero,
639 1105 689 1127 ne
711 1094 762 1128 sis
782 1094 982 1128 animosus
1003 1094 1044 1127 in
1065 1095 1208 1136 armis;

184 1156 259 1202 fac,
280 1170 392 1193 meus
413 1159 454 1192 in
475 1162 616 1193 ventos
638 1156 702 1193 hic
724 1160 844 1193 timor
864 1160 991 1193 onmis
1012 1158 1099 1194 eat!

129 1220 222 1258 Sors
243 1235 402 1271 quoque
424 1225 558 1258 nescio
580 1235 700 1271 quem
721 1222 804 1258 fato
825 1222 1011 1271 designat
1032 1225 1180 1272 iniquo,

184 1291 251 1338 qui
273 1291 423 1337 primus
444 1288 631 1324 Danaum
652 1288 807 1324 Troada
829 1293 971 1337 tangat
992 1287 1170 1324 humum.

126 1353 280 1399 infelix,
303 1367 403 1404 quae
426 1357 552 1403 prima
573 1356 700 1390 virum
720 1353 876 1403 lugebit
896 1353 1130 1403 ademptum
1151 1355 1158 1390 .'

183 1420 222 1457 di
245 1420 406 1465 fac-iant,
428 1434 480 1457 ne
502 1425 546 1457 tu
567 1425 754 1456 strenuus
776 1433 862 1456 esse
884 1420 981 1457 velis
1000 1421 1007 1456 l

127 1489 235 1522 inter
254 1486 363 1522 mille
384 1491 490 1522 rates
511 1491 579 1522 tua
601 1488 652 1522 sit
671 1485 911 1522 millensima
932 1489 1088 1534 puppis,

180 1554 337 1601 iamque
358 1551 545 1601 fatigatas
565 1551 705 1588 ultima
726 1557 858 1588 verset
878 1553 1020 1601 aquas!

125 1615 200 1652 hOC
222 1629 379 1666 qlquUC
401 1629 666 1665 ΡΙἪΘΠῙΟΠΘΟΖ
696 1615 746 1652 de
768 1629 867 1652 nave
889 1619 1122 1652 novissimus
1152 1619 1239 1660 CXi}

181 1696 262 1718 non
283 1688 357 1728 est,
379 1695 457 1731 quo
478 1695 678 1731 properas,
699 1687 805 1718 terra
827 1687 994 1731 paterna
1015 1683 1100 1718 tibi.

126 1762 217 1785 cum
237 1751 386 1793 venies>
407 1761 597 1797 remoque
618 1761 732 1784 move
753 1748 921 1797 veloque
943 1751 1115 1784 carinam

180 1817 301 1863 inque
322 1818 392 1850 tuo
413 1813 586 1850 celerem
607 1813 722 1850 litore
744 1816 838 1850 siste
859 1813 1027 1862 gradum
1047 1814 1053 1849 !

128 1879 219 1916 Sive
239 1879 342 1915 latet
364 1878 550 1915 Phoebus
570 1892 639 1915 seu
661 1881 776 1915 terris
796 1878 913 1916 altior
933 1884 1076 1924 exstat,

180 1949 225 1981 tu
246 1944 343 1980 mihi
365 1943 453 1980 luce
475 1943 597 1989 dolor,
620 1949 663 1980 tu
685 1944 782 1980 mihi
803 1949 921 1980 nocte
943 1947 1066 1989 venis,

132 2017 204 2062 164

1285 371 1335 408 80

1287 699 1336 734 85

1285 1027 1335 1063 90

1283 1354 1332 1390 95

1256 1682 1330 1719 100
