1445 2297
706 89 844 126 OVID

172 198 259 249 Aut
280 210 356 246 ego
386 199 463 232 iam
484 195 670 245 ferroque
691 197 856 244 ignique
877 195 1052 243 paratior
1072 192 1187 242 ipse,1

228 291 349 327 quem
372 276 458 313 face
479 278 670 320 sustineo,
691 279 802 311 tecta
822 274 992 323 superba
1011 277 1159 322 petam.

174 371 253 395 nox
275 363 317 394 et
339 358 463 394 Amor
482 359 700 406 vinumque
721 355 821 392 nihil
841 353 1089 392 moderabile
1110 352 1306 396 suadent;

228 437 296 474 illa
316 437 469 487 pudore
491 442 617 482 vacat,
640 435 761 473 Liber
781 435 986 485 Amorque
1007 439 1131 470 metu.
1330 431 1380 469 60

175 521 309 554 omnia
329 520 569 566 consumpsi,
591 530 666 553 nec
686 522 728 553 te
749 516 1015 566 precibusque
1035 516 1234 564 minisque

229 601 438 644 movimus,
459 612 481 634 o
502 597 652 634 foribus
672 597 808 634 durior
827 599 912 646 ipse
932 598 1022 632 tuis.

175 692 257 716 non
277 684 319 715 te
342 678 537 715 formosae
559 677 696 715 decuit
717 690 874 714 servare
895 675 1055 726 puellae

230 758 381 804 limina,
405 758 575 795 sollicito
596 771 753 794 carcere
774 757 920 806 dignus
941 769 1037 793 eras.

179 838 344 888 Iamque
365 841 575 887 pruinosus
595 837 759 874 molitur
780 836 942 873 Lucifer
961 848 1068 881 axes,
1333 834 1382 870 65

232 921 354 968 inque
377 932 492 955 suum
513 921 678 954 miseros
700 920 852 954 excitat
871 916 953 953 ales
974 928 1084 965 opus.

178 1004 219 1035 at
240 1004 297 1044 tu,
318 1012 399 1034 non
420 999 536 1035 laetis
556 997 739 1034 detracta
759 1010 903 1033 corona
922 996 1087 1046 capillis,

234 1077 333 1114 dura
350 1091 470 1126 super
489 1082 575 1114 tota
596 1077 733 1113 limina
754 1081 874 1113 nocte
896 1079 979 1112 iace
999 1076 1005 1112 !

180 1163 224 1195 tu
246 1157 445 1203 dominae,
467 1171 558 1194 cum
578 1163 620 1194 te
642 1160 861 1207 p'roiectam
882 1170 1000 1193 mane
1021 1156 1188 1201 videbit,

234 1240 427 1286 temporis
447 1238 647 1287 absumpti
668 1243 751 1274 tam
772 1237 877 1274 male
897 1239 1013 1274 testis
1035 1239 1121 1273 eris.
1337 1235 1387 1273 70

182 1318 496 1368 Qualiscumque
517 1318 604 1354 vale
626 1321 812 1367 sentique
833 1318 1019 1354 abeuntis
1039 1316 1233 1353 honorem
1252 1329 1261 1360 ;

236 1399 348 1436 lente
371 1412 446 1435 nec
467 1398 640 1435 admisso
660 1400 788 1447 turpis
809 1402 984 1443 amante,
1005 1396 1092 1433 vale
1109 1396 1116 1432 ἔ

184 1492 251 1515 vos
272 1492 445 1528 quoque,
466 1477 650 1514 crudeles
670 1477 800 1526 rigido
821 1490 912 1513 cum
931 1476 1070 1513 limine
1091 1481 1227 1526 postes

238 1558 418 1608 duraque
441 1570 656 1594 conservae
677 1557 800 1607 ligna,
822 1557 968 1603 valete,
990 1556 1095 1593 fores
1116 1557 1122 1593 l

753 1729 831 1765 VII

187 1835 305 1871 Anna
325 1848 465 1870 manus
486 1837 527 1870 in
547 1834 678 1890 vincla
697 1847 1046 1871 meas—meruere
1067 1838 1284 1871 catenas—

241 1915 338 1951 dum
358 1914 465 1951 furor
485 1917 613 1951 omnis
632 1915 729 1960 abit,
749 1917 870 1965 siquis
889 1917 1039 1951 amicus
1057 1914 1174 1951 ades!

506 1992 516 2011 ¹
543 1993 570 2024 O
588 1994 717 2024 ianitor
734 1994 809 2034 ipso
827 1993 930 2024 Hez'n.
949 1993 1050 2025 AVem.

189 2069 266 2104 340
