1409 2282
644 71 783 109 OVID

114 176 211 213 Tres
232 189 367 213 sumus
388 176 558 213 inbelles
578 189 759 221 numero,
780 179 865 213 sine
887 177 1034 213 viribus
1056 189 1153 212 uxor

168 242 415 292 Laertesque
437 256 560 279 senex
581 242 925 292 Telemachusque
947 256 1056 292 puer.

114 307 181 344 ille
202 321 274 357 per
294 308 456 344 insidias
478 321 606 357 paene
629 313 690 345 est
710 308 808 344 mihi
829 321 959 357 nuper
979 308 1206 357 ademptus,

167 372 263 409 dum
284 378 398 422 parat
418 375 553 409 invitis
569 373 753 409 omnibus
773 375 829 409 ire
854 373 1009 422 Pylon.1

113 438 166 484 di,
188 452 340 488 precor,
360 438 436 475 hoc
456 439 636 485 iubeant,
656 444 701 476 ut
722 439 911 476 euntibus
932 438 1071 475 ordine
1092 438 1184 476 fatis

167 504 234 541 ille
254 517 364 541 meos
385 504 520 541 oculos
540 507 776 554 conprimat,
798 504 865 541 ille
886 510 976 541 tuos
994 505 1000 541 3

113 569 186 606 hac
208 569 362 607 faciunt
382 575 594 620 custosque
616 571 735 606 boum
761 569 1036 620 longaevaque
1058 573 1207 616 nutrix,

168 635 326 672 Tertius
348 635 565 672 inmundae
587 649 678 672 cura
700 635 826 672 fidelis
847 635 965 672 harae
981 635 1018 680 ;-2

115 701 185 737 sed
206 714 338 751 neque
361 701 538 746 Laertes,
560 706 605 737 ut
625 704 692 750 qui
713 704 764 737 sit
785 701 937 737 inutilis
958 704 1088 747 armis,

169 766 349 803 hostibus
370 770 410 802 in
432 767 573 803 mediis
595 780 718 816 regna
738 772 879 803 tenere
900 772 1090 816 potest—

116 832 358 868 Telemacho
378 835 527 877 veniet,
548 835 655 868 vivat
675 832 806 877 modo,
827 831 966 868 fortior
985 838 1094 869 aetas
1111 845 1119 874 ;

168 911 275 933 nunc
296 903 382 934 erat
401 897 556 933 auxiliis
577 897 644 933 illa
664 897 816 933 tuenda
843 900 965 946 patris
979 897 1050 925 3-

115 976 190 1000 nec
211 962 309 999 mihi
330 968 424 999 sunt
444 966 545 999 vires
566 965 745 999 inimicos
766 962 916 1012 pellere
938 967 1068 1000 tectis.

168 1032 212 1063 tu
234 1030 350 1063 citius
372 1030 520 1072 venias,
542 1032 679 1076 portus
701 1032 743 1063 et
763 1040 828 1063 ara
849 1030 928 1063 tuis
946 1028 952 1064 l

114 1094 176 1126 est
195 1090 269 1126 tibi
290 1092 435 1139 sitque,
457 1103 607 1139 precor,
628 1095 759 1135 natus,
780 1093 847 1140 qui
868 1090 1053 1127 mollibus
1075 1093 1189 1127 annis

168 1158 208 1191 in
230 1158 376 1204 patrias
397 1161 502 1192 artes
524 1155 768 1192 erudiendus
786 1160 881 1192 erat.

114 1223 266 1269 respice
288 1221 462 1257 Laerten
478 1234 487 1265 ;
516 1226 561 1257 ut
582 1224 659 1257 iam
680 1233 749 1257 sua
769 1220 919 1257 lumina
940 1221 1098 1266 condas,

166 1292 392 1323 extremum
413 1286 485 1323 fati
505 1289 678 1323 sustinet
698 1286 765 1323 ille
785 1286 924 1323 diem.4

115 1352 233 1389 Certe
255 1365 343 1401 ego,
364 1365 465 1402 quae
486 1352 640 1389 fueram
662 1357 702 1388 te
723 1352 959 1389 discedente
980 1352 1126 1402 puella,

168 1421 349 1467 protinus
370 1423 415 1454 ut
436 1421 584 1463 venias,
606 1417 711 1454 facta
732 1417 897 1454 videbor
916 1431 1024 1455 anus.

466 1661 636 1697 Pm'LLls
667 1661 964 1698 DEMopnooer

116 1751 306 1795 HosPITA,
328 1749 607 1798 Demophoon,
628 1755 698 1786 tua
717 1755 759 1786 te
784 1750 1014 1799 Rhodopeia
1036 1750 1186 1801 Phyllis

168 1813 272 1849 ultra
293 1815 528 1861 promissum
549 1817 708 1861 tempus
728 1813 867 1849 abesse
889 1826 1041 1862 queror.

157 1881 167 1900 ¹
193 1883 314 1921 99‚100
330 1882 489 1922 spurious
506 1882 601 1914 Bent.

1241 373 1314 410 100

1241 701 1316 737 105

1240 1027 1315 1064 110

1241 1353 1315 1389 115

156 1925 170 1945 2
193 1926 288 1958 E'Izw.
304 1927 421 1966 places
440 1926 511 1963 103,
536 1927 595 1957 104
618 1925 710 1966 asser
726 1926 767 1957 96
784 1938 790 1957 τ
818 1926 880 1957 hac
910 1926 1070 1967 Tyrrell5
1095 1927 1157 1958 hec
1176 1927 1206 1958 G
1219 1927 1285 1959 Εω
1303 1940 1309 1958 :

114 1970 180 2001 huc
201 1970 293 2001 Rem.
313 1983 319 2001 ι
346 1970 425 2000 hinc
442 1969 553 2000 ilserlc.

120 2033 164 2068 18
