1409 2282
651 99 790 137 OVID

120 210 165 242 ut
197 210 345 242 terram
376 207 567 249 invenias,
588 207 675 254 quis
703 217 789 240 eam
824 205 897 241 tibi
926 204 1061 241 tradet
1090 204 1240 241 haben-

228 270 320 307 dam
334 271 348 307 ?
1274 271 1320 306 15

173 339 261 385 quis
282 349 351 372 sua
371 349 451 371 non
472 338 577 372 notis
598 349 689 371 arva
708 335 887 372 tenenda
907 335 1046 372 dabit?

119 401 222 438 alter
242 401 450 438 habendus
470 414 580 437 amor
600 402 674 437 tibi
695 406 820 437 restat
841 406 883 438 et
903 401 1028 438 altera
1051 401 1156 438 Dido
1175 414 1183 445 ;
1200 402 1211 424 ¹

175 480 374 517 quamque
396 469 543 503 iterum
564 466 676 503 fallas
698 466 824 503 altera
843 466 976 503 danda
996 466 1104 503 fides.

120 529 281 583 quando
302 535 390 578 erit,
412 537 458 569 ut
478 531 627 568 condas
648 534 774 568 instar
795 531 1047 581 Carthaginis
1068 533 1207 568 urbem

175 603 216 635 et
237 597 371 634 videas
392 597 560 647 populos
581 597 685 634 altus
706 598 755 633 ab
776 610 865 633 arce
888 602 977 634 tuos
994 599 1007 633 ?
1108 634 1110 637 ,
1274 598 1322 634 20

121 666 253 700 omnia
275 668 320 700 ut
341 666 541 709 eveniant,
564 676 638 699 nec
659 668 701 699 te
722 668 791 700 tua
812 668 903 699 vota
923 669 1142 708 morentur,

175 728 284 765 unde
306 729 392 774 tibi,
413 741 515 778 quae
537 733 578 765 te
599 731 654 764 sic
675 733 796 773 amet,
818 741 916 764 uxor
938 730 1044 765 erit?

123 795 238 839 Uror,
261 800 306 831 ut
327 794 493 831 inducto
514 799 671 831 ceratae
693 794 854 843 sulpure
875 794 1031 839 taedae,

175 863 221 894 ut
241 860 306 907 pia
326 857 489 894 fumosis
510 857 647 894 addita
666 863 756 894 tura
776 857 904 894 focis.·2

120 920 279 957 Aeneas
301 920 423 956 oculis
444 933 605 969 semper
625 920 826 969 vigilantis
847 919 1031 956 inhaeret
1047 932 1055 963 ;

174 983 343 1019 Aenean
363 985 495 1019 animo
516 996 674 1032 noxque
696 982 861 1033 diesque
882 982 1016 1019 refert.

121 1045 188 1082 ille
210 1045 373 1095 quidem
395 1045 499 1082 male
520 1050 657 1094 gratus
680 1050 721 1082 et
741 1045 790 1081 ad
811 1058 901 1081 inea
921 1058 1087 1081 munera
1107 1044 1261 1089 surdus,

1276 921 1295 955 13

1302 920 1324 954 C(

175 1116 218 1148 et
239 1124 329 1161 quo,
351 1114 383 1148 si
404 1124 485 1147 non
507 1114 580 1147 sim
602 1111 736 1156 stulta,
759 1124 893 1148 carere
915 1110 1034 1147 velim
1054 1123 1061 1154 ;

122 1187 203 1210 non
224 1179 361 1211 tamen
383 1174 564 1219 Aenean,
586 1176 764 1223 quamvis
785 1173 889 1210 male
910 1176 1073 1222 cogitat,
1095 1173 1173 1218 odi,

177 1237 248 1274 sed
271 1250 414 1286 queror
434 1236 601 1273 infidum
622 1241 843 1286 questaque
864 1239 976 1285 peius
997 1250 1095 1273 amo.
1277 1236 1326 1272 30

123 1313 253 1349 parce,
276 1300 424 1345 Venus,
447 1302 576 1345 nurui,
598 1299 822 1349 durumque
844 1299 1088 1348 amplectere
1110 1299 1288 1343 fratrem,

177 1362 302 1399 frater
324 1363 461 1408 Amor,
485 1365 622 1399 castris
643 1362 792 1399 militet
812 1362 879 1399 ille
900 1365 978 1399 tuis
997 1363 1004 1398 l

122 1431 191 1462 aut
212 1438 299 1475 ego,
314 1425 458 1475 quem3
471 1428 773 1475 coepi—neque
792 1428 899 1461 enim
913 1424 1313 1474 dedignor—amare,

179 1491 388 1525 materiam
409 1501 526 1525 curae
548 1489 738 1537 praebeat
758 1487 825 1524 ille
846 1501 959 1524 meae
978 1489 984 1524 !

127 1551 267 1596 Fallor,
290 1556 332 1587 et
352 1553 428 1587 ista
448 1550 546 1586 mihi
569 1546 667 1587 falso
688 1553 859 1587 iactatur
880 1553 1011 1599 imago
1028 1563 1036 1593 ;
1091 1545 1093 1547 ’
1278 1550 1326 1585 35

178 1617 316 1650 matris
337 1614 387 1650 ab
407 1616 570 1663 ingenio
591 1613 759 1650 dissidet
779 1613 846 1649 ille
868 1627 971 1649 suae.

127 1684 168 1714 te
188 1677 287 1726 lapis
310 1682 351 1713 et
373 1682 532 1713 montes
553 1679 771 1726 innataque
793 1677 956 1726 rupibus
977 1676 1068 1712 altis

178 1741 331 1786 robora,
352 1746 393 1777 te
414 1753 553 1777 saevae
575 1752 825 1789 progenuere
846 1739 967 1784 ferae,

169 1818 180 1838 ¹
205 1819 248 1850 So
266 1832 280 1851 5
292 1819 427 1850 Burm.:
450 1819 542 1850 alter
557 1829 654 1849 amor
670 1817 736 1849 tibi
753 1822 807 1849 est
825 1817 1006 1849 habendus
1023 1822 1057 1848 et
1078 1818 1128 1848 P:
1154 1828 1182 1848 a.
1199 1828 1226 1848 a.
1246 1821 1271 1848 t.
1293 1821 1328 1848 et

126 1866 244 1894 exstat
269 1862 449 1893 habendus
477 1862 596 1893 GEs:
623 1873 653 1893 a.
679 1873 708 1893 a.
739 1861 803 1892 tibi
834 1864 970 1892 restat?
996 1861 1191 1892 habendast
1215 1860 1326 1891 altera

128 1905 245 1938 Dido?
270 1906 347 1937 Birt
365 1905 459 1938 Ehm,

169 1949 183 1968 ²
206 1960 252 1981 vv.
273 1950 326 1987 24,
346 1950 388 1980 25
405 1949 572 1989 defended
589 1949 630 1989 by
648 1948 772 1986 Hozzs„
792 1949 996 1980 condemned
1014 1948 1054 1988 by
1073 1947 1136 1979 Pa.
1159 1947 1252 1979 Ehw.

171 1994 183 2012 ³
206 2004 309 2034 quem
327 2007 349 2024 ω
366 1993 462 2033 early
478 1992 622 2024 edition-9
637 2005 642 2023 :
669 2003 757 2033 quae
776 1992 808 2023 P
823 1992 851 2023 (31
864 1991 896 2023 Ε
908 2005 921 2024 ς
939 1992 1042 2022 Plan.

131 2057 180 2100 84
