1445 2297
690 91 830 129 OVID

154 200 209 235 sic
231 211 308 247 ego
328 212 404 235 1166
425 200 511 235 sine
532 203 574 234 te
595 211 670 235 1166
691 203 828 235 tecum
848 200 981 235 vivere
1002 211 1175 248 possum,

208 269 250 301 et
270 264 408 301 videor
428 266 510 300 voti
531 266 688 301 nescius
710 277 797 301 esse
816 266 907 301 mei.
1313 264 1364 301 40

152 336 223 368 aut
242 330 413 367 formosa
434 329 540 367 fores
559 333 704 376 minus,
725 335 795 367 aut
814 333 946 367 minus
966 331 1146 380 inproba,
1168 330 1314 368 vellem
1332 343 1341 375 3

207 410 289 433 non
309 396 406 433 facit
425 396 475 433 ad
496 409 627 433 mores
648 401 731 433 tam
751 397 856 433 bona
877 396 1003 432 forma
1023 396 1159 433 malos.

153 462 259 499 facta
279 467 439 500 merent
459 462 608 508 odium,
630 461 752 499 facies
774 467 911 499 exorat
931 476 1163 499 amorem——

206 543 271 566 me
292 532 495 574 miserum,
517 531 623 566 vitiis
644 529 734 578 plus
754 528 862 565 valet
882 528 949 565 illa
970 531 1050 566 Suis
1070 529 1077 565 !

155 595 288 641 Parce,
310 608 382 644 per
402 608 425 631 ο
444 594 540 632 lecti
561 594 720 631 socialia
739 597 836 640 iura,
857 608 930 644 per
949 597 1078 631 omnis
1312 596 1362 631 45

206 663 274 711 qui
295 661 394 697 dant
415 660 613 697 fallendos
634 674 676 697 se
697 661 771 697 tibi
792 673 911 709 saepe
932 660 1042 705 deos,

151 740 303 777 perque
324 732 435 763 tuam
457 726 613 772 faciem,
634 729 770 775 magni
792 726 889 762 mihi
910 729 1086 763 numinis
1106 729 1243 772 instar,

205 806 357 842 perque
379 798 469 829 tuos
490 792 637 838 oculos,
659 795 726 842 qui
748 805 917 842 rapuere
938 805 1048 829 meos
1067 793 1074 828 1

150 859 346 910 quidquid
368 862 456 905 eris,
478 872 568 895 mea
588 872 748 908 semper
768 862 844 896 eris
863 872 871 903 ;
901 864 945 896 ’cu
968 859 1093 908 selige
1114 864 1289 906 tantum,

204 939 269 962 me
291 939 450 975 quoque
471 925 575 962 velle
596 925 707 970 velis,
728 938 834 962 anne
855 930 1016 962 coactus
1037 938 1167 962 amem
1184 926 1191 962 1
1310 926 1360 963 50

149 992 275 1028 lintea
295 991 389 1028 dem
409 994 543 1041 potius
562 994 775 1041 ventisque
795 990 1020 1028 ferentibus
1040 996 1141 1037 utar,

204 1057 277 1103 ut,¹
301 1059 480 1107 quamvis
502 1056 638 1102 nolim,
660 1070 779 1106 cogar
798 1070 931 1094 amare
952 1056 1083 1094 velim.

713 1235 794 1271 XII

149 1340 250 1386 QUIS
271 1339 347 1377 fuit
368 1340 435 1377 ille
457 1340 555 1385 dies,
577 1353 655 1390 quo
675 1343 804 1378 tristia
825 1354 984 1391 semper
1003 1343 1154 1378 amanti

201 1406 335 1439 omina
355 1417 437 1440 non
457 1403 570 1441 albae
592 1407 850 1442 concinuistis
870 1405 991 1442 aves?

147 1467 304 1517 quodve
326 1472 466 1516 putem
487 1467 595 1503 sidus
616 1470 762 1504 nostris
781 1481 989 1504 occurrere
1011 1467 1115 1513 fatis,

201 1544 349 1580 quosve
370 1530 466 1567 deos
487 1533 527 1566 111
548 1544 613 1567 me
634 1530 740 1567 bella
755 1544 916 1568 movere
937 1532 1107 1581 querar?

147 1607 249 1643 quae
270 1593 389 1629 modo
410 1593 517 1630 dicta
538 1607 626 1630 mea
648 1599 721 1639 est,
743 1607 863 1644 quam
884 1597 997 1643 coepi
1019 1594 1124 1631 solus
1144 1608 1290 1641 amare,
1331 1596 1354 1632 5

201 1670 291 1693 611111
312 1656 450 1693 multis
471 1670 610 1693 vereor
630 1670 681 1693 ne
704 1659 755 1694 sit
775 1657 961 1694 habenda
981 1657 1090 1693 mihi.

148 1719 350 1765 Fallimur,
371 1733 422 1755 an
443 1722 588 1756 nostris
608 1722 786 1756 innotuit
805 1720 871 1756 illa
893 1720 1065 1758 libellis?

200 1785 254 1819 sic
276 1785 572 1831 erit—ingenio
592 1786 771 1832 prostitit
790 1783 857 1819 illa
877 1797 978 1820 meo.

146 1850 189 1882 et
209 1846 376 1882 merito!
407 1845 503 1895 quid
525 1848 633 1882 enim
654 1845 804 1883 formae
825 1849 1037 1895 praeconia
1058 1846 1163 1883 feei?

200 1908 413 1945 vendibilis
434 1908 551 1958 culpa
572 1908 677 1945 facta
698 1909 832 1958 puella
851 1922 940 1946 mea
961 1915 1033 1947 est.
1305 1910 1353 1948 10

450 1994 460 2014 ¹
486 1998 526 2027 ub
543 1995 664 2028 MSS.:
689 2007 794 2038 quam
812 1996 1038 2038 Rauteozsbery.

121 2047 132 2059 ”
145 2070 221 2106 492
