1445 2297
705 100 844 138 OVID

171 207 385 244 damnosus
406 209 539 256 pecori
560 199 695 252 curris,
716 206 942 244 damnosior
961 209 1077 256 agris.

226 269 392 307 forsitan
411 269 511 307 haec
531 269 652 314 alios3
680 283 745 307 me
767 282 857 306 mea
876 269 1023 306 damna
1043 276 1218 308 movent.
1300 271 1375 308 100

173 334 282 369 Huic
303 346 390 382 ego,
413 346 484 369 vae
503 333 510 369 l
532 332 700 370 demens
721 333 929 369 narrabam
948 332 1157 370 fluminum
1177 347 1331 371 amores
1349 334 1356 370 !

225 399 392 433 iactasse
414 396 580 444 indigne
602 399 764 433 nomina
784 401 899 432 tanta
918 396 1058 445 pudet.

172 461 307 495 nescio
327 472 448 509 quem
470 458 577 495 hunc
598 464 784 508 spectans
806 458 1016 496 Acheloon
1046 464 1088 496 et
1118 459 1297 496 Inachon

279 535 440 558 amnem

225 590 268 622 et
288 587 401 634 potui
422 598 582 630 nomen,
606 584 711 630 Nile,
733 584 882 621 referre
904 590 1020 621 tuum
1037 585 1044 621 !

170 650 212 681 at
232 645 307 681 tibi
328 658 399 694 pro
419 647 585 690 meritis,
608 650 716 694 opto,
738 657 819 681 non
840 644 1011 681 candide
1032 650 1202 691 torrens,
1301 646 1376 683 105

225 710 306 745 sint
325 707 452 757 rapidi
473 707 576 744 soles
596 710 778 758 siccaque
800 721 959 757 semper
978 707 1158 758 hiemps!

714 916 815 953 VIII
831 916 844 940 1

172 1022 231 1058 ET
251 1024 461 1072 quisquam
481 1024 678 1071 ingenuas
700 1025 932 1059 etiamnunc
953 1025 1119 1072 suspicit
1139 1028 1258 1069 artes,

224 1090 294 1121 aut
315 1089 503 1121 tenerum
523 1084 639 1121 dotes
660 1098 821 1121 carmen
844 1084 993 1122 habere
1014 1086 1161 1135 putat?

171 1149 381 1196 ingenium
403 1146 606 1196 quondam
627 1146 759 1184 fuerat
779 1150 992 1197 pretiosius
1013 1161 1109 1184 auro
1128 1160 1137 1192 ;

223 1215 265 1246 at
286 1222 392 1245 nunc
414 1210 594 1245 barbaria
615 1215 676 1247 est
696 1210 872 1259 grandis,
892 1210 1042 1247 habere
1064 1210 1175 1247 nihil.

169 1286 260 1309 cum
281 1272 472 1322 pulchrae
493 1272 680 1310 dominae
701 1276 827 1310 nostri
848 1273 1036 1323 placuere
1056 1273 1196 1320 libelli,
1355 1274 1377 1310 5

224 1349 303 1386 quo
324 1336 437 1373 licuit
457 1336 579 1382 libris,
602 1350 683 1373 non
703 1337 800 1374 licet
820 1340 877 1374 ire
898 1337 997 1374 mihi
1015 1350 1024 1381 ;

170 1412 261 1435 cum
281 1400 386 1436 bene
407 1399 597 1446 laudavit,
619 1400 782 1437 laudato
802 1403 920 1437 ianua
941 1400 1073 1437 clausa
1095 1406 1167 1438 est.

222 1464 397 1511 turpiter
416 1461 495 1499 huc
515 1462 610 1499 illuc
630 1465 862 1512 ingeniosus
884 1476 942 1500 eo.

169 1524 287 1570 Ecce,
308 1537 449 1562 recens
470 1525 581 1562 dives
601 1531 717 1575 parto
737 1539 810 1575 per
829 1526 997 1563 vulnera
1017 1539 1141 1563 censu

221 1587 452 1637 praefertur
472 1589 586 1625 nobis
607 1591 803 1638 sanguine
824 1594 962 1638 pastus
983 1602 1106 1639 eques
1124 1589 1131 1625 !
1328 1588 1377 1625 10

168 1650 275 1687 hunc
295 1655 411 1700 potes
431 1650 620 1700 amplecti
640 1650 834 1697 formosis,
854 1654 948 1697 vita,
969 1652 1128 1689 lacertis
1145 1652 1159 1687 ?

220 1716 339 1764 huius
359 1719 400 1752 in
420 1716 620 1766 amplexu,
641 1720 735 1763 vita,
755 1720 885 1754 iacere
905 1718 1050 1767 potes?

170 1782 201 1816 si
221 1782 364 1825 nescis,
387 1785 508 1829 caput
528 1779 603 1816 hoc
623 1780 780 1829 galeam
799 1786 959 1829 portare
980 1780 1158 1823 solebat3

222 1857 317 1881 ense
338 1844 443 1881 latus
463 1847 652 1891 cinctum,
673 1845 781 1895 quod
800 1846 874 1882 tibi
894 1847 1028 1891 servit,
1049 1850 1158 1888 erat3

559 1925 573 1945 ²
596 1926 666 1957 For
682 1926 756 1958 VII
774 1937 830 1958 see
846 1937 880 1968 p.
900 1926 974 1958 506.

212 2009 228 2022 α
252 2003 325 2034 The
342 2003 471 2034 soldier
487 2003 556 2034 had
574 2004 731 2045 reeently
744 2003 832 2035 been
847 2003 1003 2035 enrolled
1027 2014 1071 2034 an
1088 2014 1202 2045 eques.
1253 2002 1374 2035 Ovid's

168 2076 246 2112 474
