1445 2297
682 74 822 113 OVID

148 194 229 218 non
251 194 340 230 ego,
360 183 389 217 si
412 180 569 217 medius
592 180 752 217 Polluce
775 186 817 217 et
838 180 1000 217 Castore
1022 193 1160 230 ponar,

203 239 243 272 in
264 236 362 272 caeli
385 239 469 272 sine
490 241 531 271 te
553 240 666 285 parte
688 235 808 271 fuisse
830 235 976 271 velims

148 291 307 327 solliciti
328 293 486 326 iaceant
505 295 693 339 terraque
714 295 949 339 premantur
968 292 1115 338 iniqua,
1306 289 1353 325 15

182 386 184 389 .
203 348 244 380 in
265 345 404 394 longas
424 344 560 380 orbem
583 347 650 394 qui
671 357 835 381 secuere
856 347 936 380 vias
953 345 1017 380 !—

148 405 218 436 aut
238 402 427 435 iuvenum
449 401 617 435 comites
637 401 846 435 iussissent
865 402 921 434 ire
943 398 1110 448 puellas,

203 456 233 490 si
255 453 332 490 fuit
352 456 393 489 in
413 453 552 502 longas
572 458 677 489 terra
697 453 869 489 secanda
890 453 992 489 vias!

148 513 235 544 tum
255 507 366 553 mihi,
388 510 419 543 si
440 520 666 557 premerem
687 513 873 544 ventosas
893 507 1076 544 horridus
1097 506 1234 556 Alpes,

202 562 421 599 dummodo
441 575 531 598 cum
551 561 726 607 domina,
747 561 868 598 molle
889 561 1032 598 fuisset
1050 564 1139 598 iter.
1303 561 1352 597 20

148 630 240 653 cum
260 616 422 653 domina
445 616 613 667 Libycas
632 619 759 653 ausim
779 629 1039 665 perrumpere
1059 615 1197 666 Syrtes

203 676 246 708 et
266 671 359 708 dare
380 684 461 707 non
482 673 619 720 aequis
637 671 726 707 vela
745 670 913 707 ferenda
934 670 1060 707 Notis.

148 739 229 762 non
250 738 351 775 quae
372 728 552 775 virgineo
572 730 760 774 portenta
780 725 853 761 sub
872 727 1039 774 inguine
1059 725 1222 772 latrant,

201 793 277 817 nec
297 782 462 816 timeam
483 785 647 825 vestros,
669 793 786 816 curva
808 779 953 825 Malea,
973 782 1081 816 sinus
1099 792 1108 823 3

148 848 229 870 non
250 834 378 884 quael
401 835 615 871 submersis
636 834 787 871 ratibus
807 839 983 871 saturata
1003 833 1225 884 Charybdis
1305 836 1353 872 25

203 888 339 925 fundit
359 893 401 926 et
421 888 563 925 effusas
583 902 650 925 ore
671 894 855 938 receptat
874 902 1006 938 aquas.

149 942 269 989 Quod
290 946 321 980 si
344 943 525 992 Neptuni
548 948 713 980 ventosa
733 946 916 992 potentia
936 945 1072 988 vincit,

203 1003 246 1034 et
265 999 531 1035 subventuros
551 997 708 1034 auferet
729 997 836 1034 unda
856 997 965 1043 deos,

148 1056 192 1088 tu
214 1055 360 1089 nostris
381 1055 517 1088 niveos
538 1055 685 1088 umeris
706 1055 854 1101 inpone
875 1051 1069 1096 lacertos3

203 1120 367 1155 corpore
389 1120 460 1143 nos
481 1106 587 1142 facili
608 1106 725 1143 dulce
746 1106 921 1143 feremus
942 1119 1052 1144 onus.
1303 1108 1353 1145 30

148 1174 267 1210 saepe
289 1166 433 1210 petens
456 1161 597 1197 Heron
618 1163 772 1197 iuvenis
792 1166 1070 1198 transnaverat
1090 1161 1217 1199 undas
1236 1175 1244 1206 3

201 1220 289 1252 tum
311 1228 469 1265 quoque
490 1220 750 1261 transnasset,
771 1214 842 1252 sed
863 1218 925 1251 via
946 1228 1063 1252 caeca
1082 1215 1169 1253 fuit.

151 1270 206 1306 At
226 1272 312 1306 sine
332 1275 387 1315 te,
409 1272 587 1319 quamvis
608 1272 766 1319 operosi
787 1270 934 1306 vitibus
953 1273 1039 1319 agri

202 1337 267 1360 me
288 1330 470 1369 teneant,
492 1327 672 1373 quamvis
691 1325 875 1362 amnibus
895 1337 987 1360 arva
1007 1330 1165 1369 natent,

149 1384 192 1415 et
212 1384 329 1415 vocet
349 1381 389 1415 in
410 1381 512 1415 rivos
533 1384 763 1415 currentem
783 1381 954 1415 rusticus
974 1379 1138 1425 undam,
1302 1380 1352 1416 35

203 1432 428 1482 frigidaque
449 1434 634 1470 arboreas
654 1433 830 1469 mulceat
849 1446 943 1469 aura
964 1446 1108 1479 comas,

149 1500 231 1523 non
251 1500 326 1537 ego
350 1487 560 1536 Paelignos
581 1487 718 1524 videor
739 1487 942 1524 celebrare
964 1487 1154 1533 salubres,

204 1555 284 1577 non
305 1555 381 1591 ego
402 1541 590 1587 natalem,
612 1555 702 1578 rura
722 1547 902 1591 paterna,
924 1541 1111 1578 locum—

149 1595 219 1632 sed
244 1595 451 1645 Scythiam
472 1595 693 1645 Cilicasque
723 1595 828 1632 feros
849 1595 1075 1645 viridesque
1091 1596 1106 1619 '2
1127 1596 1352 1642 Britannos,

203 1663 385 1700 quaeque
409 1650 650 1687 Prometheo
671 1663 763 1686 saxa
783 1663 922 1687 cruore
943 1651 1101 1687 rubent.
1301 1651 1352 1687 40

192 1727 203 1747 1
227 1739 316 1770 quae
336 1742 369 1760 5:
395 1739 464 1770 qua
484 1729 534 1760 P:
560 1739 646 1770 quas
663 1728 720 1760 old
736 1728 890 1760 editions.
971 1728 984 1747 2
1009 1729 1208 1770 vitreosque
1225 1728 1327 1760 Nem.

192 1811 208 1825 α
232 1806 306 1836 The
323 1806 452 1847 images
470 1805 505 1837 of
521 1806 581 1837 the
598 1805 683 1847 gods
700 1805 822 1847 placed
839 1809 877 1837 at
894 1806 954 1837 the
970 1809 1077 1837 stern.
1113 1806 1205 1837 Such
1222 1806 1352 1847 images

148 1860 239 1880 were
256 1860 300 1880 on
317 1850 378 1880 the
398 1852 420 1865 ‘⁴
435 1850 513 1890 ship
530 1849 566 1880 of
583 1849 798 1881 Alexandria
814 1849 930 1880 whose
952 1850 1029 1890 sign
1046 1860 1116 1880 was
1133 1848 1259 1881 Castor
1281 1849 1351 1880 and

151 1892 313 1931 Pollux‚’'
331 1893 367 1924 of
383 1894 470 1924 Acts
488 1894 608 1924 xxviii.
634 1894 681 1924 1³2.
776 1894 788 1912 ¹³
812 1893 982 1924 Heroides
1000 1894 1112 1931 xviii„
1132 1894 1202 1924 xix.

192 1942 204 1955 Β
228 1936 358 1967 WVliere
386 1936 616 1968 Prometheus
634 1947 704 1967 was
732 1936 879 1968 chained
908 1936 1011 1967 while
1039 1936 1169 1978 preyed
1195 1947 1286 1978 upon
1304 1935 1351 1977 by

149 1980 210 2012 the
227 1980 368 2011 vulture
385 1984 463 2012 sent
481 1980 525 2021 by
544 1980 641 2011 Zeus.

149 2054 226 2090 430
