1445 2297
662 90 758 128 OVI
764 90 802 126 D

130 196 303 233 traditur
323 201 366 233 et
386 195 564 246 nymphe
585 195 763 232 mortalis
782 209 916 233 amore
939 195 1109 246 Calypso
1286 198 1332 233 15

184 256 299 300 capta
320 256 572 287 recusantem
592 250 813 287 detinuisse
834 253 971 287 virum.

130 305 307 342 creditur
325 318 562 355 aequoream
587 304 735 341 Phthio
756 305 932 342 Nereida
955 308 1053 355 regi,

185 359 373 409 Egeriam
393 363 498 396 iusto
519 360 779 395 concubuisse
803 359 972 404 Numae,

131 413 310 450 Vulcano
332 414 546 455 Venerem,
568 416 746 463 quamvis
766 414 912 450 incude
933 414 1074 450 relicta

184 471 358 517 turpiter
377 468 538 517 obliquo
559 467 759 504 claudicet
778 468 845 504 ille
865 468 981 517 pede.
1285 469 1334 505 20

130 525 315 559 carminis
334 523 410 558 hoc
432 525 561 571 ipsum
582 535 710 571 genus
730 525 844 571 inpar
862 535 870 566 3
900 522 971 559 sed
991 528 1129 559 tamen
1148 528 1243 572 apte

184 579 365 626 iungitur
384 577 530 613 herous
552 590 641 612 cum
663 577 843 613 breviore
863 577 993 613 modo.

130 636 174 667 tu
196 644 355 681 quoque
376 644 453 676 me,
475 644 563 667 mea
585 630 667 676 lux,
687 634 728 666 in
749 630 949 680 quaslibet
969 633 1106 680 accipe
1127 631 1239 680 leges
1257 644 1266 675 ;

184 690 226 722 te
248 685 392 722 deceat
412 685 546 722 medio
566 688 651 721 iura
671 685 831 722 dedisse
852 685 966 722 foro.1

132 740 222 775 Non
243 740 316 776 tibi
338 742 489 776 crimen
512 752 592 785 ero,
614 752 690 776 nec
711 752 789 789 quo
809 740 962 776 laetere
982 745 1162 783 remoto;
1280 741 1328 776 25

184 807 265 830 non
287 797 363 831 erit
384 794 448 830 hic
469 794 583 830 nobis
604 793 837 831 infitiandus
858 807 977 830 amor.

130 854 225 884 sunt
245 848 343 884 mihi
364 862 435 898 pro
455 861 602 897 magno
623 847 755 884 felicia
776 851 950 884 carmina
972 862 1107 894 censu,

185 908 227 939 et
246 902 398 939 multae
419 916 491 951 per
510 916 574 939 me
595 915 743 939 nomen
764 902 913 939 habere
933 903 1097 947 volunt;

130 960 221 993 novi
242 957 427 1007 aliquam,
450 970 551 1006 quae
573 970 614 993 se
636 957 891 994 circumferat
908 970 993 994 esse
1015 957 1239 994 Corinnam.

184 1016 229 1048 ut
249 1011 328 1056 fiat,
351 1011 447 1061 quid
468 1024 549 1047 non
569 1011 635 1047 illa
657 1011 815 1048 dedisse
835 1012 962 1048 velit?
1284 1012 1334 1048 30

130 1065 201 1102 sed
223 1079 354 1115 neque
377 1065 522 1102 diversi
543 1068 627 1114 ripa
647 1065 838 1102 labuntur
858 1066 1000 1102 eadem

183 1119 353 1169 frigidus
375 1120 543 1156 Eurotas
564 1120 844 1170 populiferque
868 1120 1009 1166 Padus,

130 1187 205 1210 nec
225 1177 300 1210 nisi
321 1180 365 1211 tu
387 1177 533 1211 nostris
554 1175 783 1211 cantabitur
803 1174 884 1210 ulla
905 1174 1050 1212 libellis
1068 1188 1076 1218 ;

183 1231 348 1276 ingenio
369 1242 505 1265 causas
526 1234 569 1265 tu
592 1229 704 1265 dabis
725 1242 804 1265 una
823 1242 924 1265 meo.

656 1404 797 1440 XVIII

130 1480 300 1518 CARMEN
320 1481 370 1518 ad
392 1484 537 1518 iratum
558 1481 654 1517 dum
675 1487 719 1518 tu
740 1481 926 1530 perducis
947 1482 1135 1520 Achillen

183 1539 390 1585 primaque
412 1538 549 1572 iuratis
570 1535 702 1572 induis
722 1549 830 1572 arma
851 1539 954 1582 viris,

130 1603 214 1635 nos,
240 1591 390 1635 Macer,
410 1593 554 1639 ignava
574 1590 743 1626 Veneris
764 1603 963 1627 cessamus
983 1593 1024 1626 in
1045 1592 1197 1637 umbra,

185 1650 227 1681 et
247 1650 365 1681 tener
385 1657 548 1680 ausuros
569 1644 735 1693 grandia
756 1643 906 1693 frangit
928 1646 1061 1681 Amor.

130 1712 249 1748 saepe
270 1712 384 1735 meae
407 1703 431 1718 “
445 1698 611 1735 tandem
627 1699 647 1709 ”
670 1699 752 1735 dixi
776 1703 800 1719 “
814 1699 977 1736 discede
996 1699 1015 1711 '²
1039 1699 1254 1748 puellae—
1309 1702 1332 1737 5

183 1756 223 1789 in
245 1755 397 1802 gremio
418 1753 524 1789 sedit
544 1756 726 1801 protinus
748 1753 814 1788 illa
834 1767 935 1790 meo.

130 1820 249 1856 saepe
272 1807 439 1856 “pudet
455 1808 460 1842 Ε
476 1807 497 1817 '’
521 1807 831 1844 dixi—lacrimis
852 1811 915 1843 vix
936 1808 1003 1844 illa
1024 1811 1196 1845 retentis

185 1866 209 1882 ‘⁶‘
222 1874 286 1898 me
307 1864 490 1898 miseram
511 1862 517 1897 l
548 1864 625 1897 iam
648 1867 689 1898 te
712 1862 732 1873 ”
755 1861 857 1898 dixit
879 1866 1046 1898 “amare
1067 1863 1224 1912 pudet?
1243 1863 1264 1874 ’'

523 1930 533 1949 ¹
558 1930 633 1962 foro
651 1931 702 1963 P:
728 1936 806 1963 toro
822 1931 910 1971 vulg.

185 2004 201 2017 ‘²
225 1997 382 2040 Ulysses.
476 1998 488 2017 ἶ)
511 1998 633 2029 Thetis
650 1984 719 2029 and
737 1984 872 2032 i³eleus.
893 2009 951 2039 paI
959 2002 1036 2030 ents
1054 1998 1090 2030 of
1104 1984 1270 2032 Achillejs.

127 2063 207 2101 434
