1409 2282
678 97 818 134 OVID

146 206 265 253 eripit
284 203 483 241 infantem
504 207 755 254 mentitaque
777 217 885 246 sacra
905 205 1058 242 revelat

199 264 374 308 Aeolus3
404 267 542 300 insana
562 267 671 314 regia
692 277 788 301 voce
809 270 934 302 sonat.

145 330 191 362 ut
210 338 318 361 mare
338 324 382 361 fit
402 325 634 370 tremulum,
653 327 768 362 tenui
789 339 879 361 cum
901 327 1111 374 stringitur
1131 339 1239 372 aura,
1301 326 1349 363 75

200 390 244 421 ut
265 387 444 435 quatitur
463 385 603 434 tepido
623 384 777 421 fraxina
798 388 908 435 virga
924 386 937 409 1
961 386 1083 432 Noto,
1103 376 1105 378 Ι

144 447 199 482 sic
219 458 309 482 inea
328 445 473 481 vibrari
493 445 687 494 pallentia
707 446 886 482 membra
906 445 1087 489 videres;

200 518 364 555 quassus
383 506 433 541 ab
453 508 627 554 inposito
649 518 812 554 corpore
834 505 962 543 lectus
983 511 1079 543 erat.

145 568 269 603 inruit
289 570 332 602 et
351 571 533 602 nostrum
552 565 692 615 vulgat
712 565 883 602 clamore
904 566 1112 615 pudorem,

200 630 243 662 et
262 628 326 661 vix
346 639 369 661 a
388 628 533 662 misero
553 628 738 662 continet
759 638 826 662 ore
847 639 998 663 manus
1301 626 1352 663 80

145 687 230 735 ipsa
250 685 350 721 nihil
371 690 531 734 praeter
549 685 730 722 lacrimas
752 685 987 734 pudibunda
1007 685 1166 735 profudi
1185 699 1194 730 ;

199 750 407 794 torpuerat
428 745 562 795 gelido
583 745 720 794 lingua
741 750 901 782 retenta
920 751 1044 783 metu.

147 805 312 855 Iamque
333 805 418 841 dari
439 819 605 855 parvum
625 806 870 855 canibusque
889 806 1108 856 avibusque
1128 811 1319 855 nepotem

201 869 389 914 iusserat2
403 868 444 902 in
465 865 556 902 solis
577 865 826 915 destituique
846 865 954 902 locis.

146 928 303 975 vagitus
324 925 438 962 dedit
458 925 526 962 ille
547 928 894 962 miser—sensisse
915 931 1132 975 putares--
1302 925 1352 961 85

201 999 358 1035 quaque
379 999 493 1036 suun]
514 991 673 1035 poterat
693 999 789 1022 voce
810 987 976 1036 rogabat
995 1000 1123 1023 avum.

147 1033 243 1096 qdid
263 1046 362 1082 mihi
382 1051 479 1082 tunc
499 1048 622 1082 animi
642 1045 783 1092 credis,
806 1059 1010 1095 germane,
1031 1046 1208 1084 fuisse—

201 1120 293 1142 nam
315 1112 430 1155 potes
451 1120 500 1143 ex
519 1109 653 1142 animo
673 1106 863 1156 colligere
884 1109 968 1155 ipse
990 1112 1115 1143 tuo—

148 1180 238 1203 cum
258 1180 349 1203 mea
368 1180 432 1203 me
453 1180 584 1203 coram
604 1166 720 1203 silvas
741 1169 924 1203 inimicus
944 1170 985 1203 in
1005 1167 1105 1204 altas

202 1230 350 1263 viscera
370 1230 571 1263 montanis
592 1226 716 1263 ferret
738 1226 896 1263 edenda
915 1227 1019 1276 lupis
1036 1228 1050 1263 ?
1302 1227 1352 1264 90

148 1290 302 1324 exierat
321 1287 498 1324 thalamo
517 1300 524 1331 ;
553 1293 652 1324 tunc
674 1287 837 1324 demum
858 1292 1021 1336 pectora
1041 1287 1178 1337 plangi

203 1344 374 1391 contigit
394 1345 515 1391 inque
537 1355 645 1378 meas
665 1342 867 1391 unguibus
887 1344 944 1378 ire
964 1355 1098 1391 genas.

148 1403 311 1439 Interea
331 1405 481 1451 patrius
502 1402 615 1438 vultu
636 1407 844 1439 maerente
863 1401 1026 1439 satelles

203 1465 314 1499 venit
336 1468 377 1499 et
397 1462 584 1511 indignos
606 1462 735 1499 edidit
755 1475 822 1498 ore
844 1475 960 1498 sonos
979 1476 986 1498 :

148 1527 172 1544 “
187 1522 336 1559 Aeolus
384 1522 490 1559 hunc
547 1535 685 1559 ensem
738 1525 866 1559 mittit
922 1523 997 1558 tibi
1011 1521 1032 1533 '⁵
1049 1544 1104 1550 ——
1118 1522 1286 1559 tradidit

311 1595 505 1619 ensem—
1303 1581 1352 1618 95

203 1647 227 1663 ‘⁶'
241 1648 282 1679 et
303 1643 416 1679 iubet
437 1655 485 1679 ex
505 1646 649 1679 merito
669 1645 782 1688 scire,
803 1642 899 1692 quid
920 1645 995 1679 iste
1018 1642 1152 1679 velit.'’

149 1706 308 1748 scimus,
329 1708 371 1739 et
391 1708 551 1739 utemur
571 1703 748 1739 violento
769 1702 928 1740 fortiter
948 1715 1043 1740 ense
1062 1716 1071 1747 3

203 1763 433 1812 pectoribus
453 1763 622 1799 condam
643 1763 747 1800 dona
767 1768 934 1812 paterna
953 1765 1062 1799 meis.

149 1823 211 1860 his
230 1836 320 1860 mea
339 1824 585 1868 muneribus,
607 1826 779 1873 genitor,
799 1823 968 1859 conubia
988 1822 1112 1859 donas
1128 1824 1142 1859 ?

204 1883 278 1919 hac
297 1888 367 1920 tua
389 1883 498 1929 dote,
518 1888 645 1932 pater,
665 1883 743 1919 filia
764 1883 875 1920 dives
895 1883 1002 1919 erit?
1277 1881 1352 1917 100

192 1953 203 1973 Ῑ
232 1954 300 1985 The
324 1954 424 1985 'zcsual
448 1953 551 1986 MSS.
577 1954 742 1994 readings:
768 1953 958 1995 fraxincies
982 1953 1082 1995 virga
1109 1953 1162 1985 P:
1195 1952 1353 1983 fraxinus

149 1998 219 2029 icta
238 1998 302 2030 Pa.

157 2061 228 2108 138
