1445 2297
709 86 849 125 OVID

176 194 284 231 hunc
305 208 464 244 quoque
486 207 639 230 sumnia
659 193 745 229 dies
766 195 880 242 nigro
901 193 1115 229 submersit
1136 191 1308 229 Averno.

229 258 447 307 defugiunt
460 257 475 280 1
496 257 631 293 avidos
652 259 827 292 carmina
847 256 929 292 sola
949 269 1064 305 rogos
1081 269 1089 297 ;

175 321 293 358 durat
314 334 413 370 opus
434 326 583 365 vatum,
606 320 764 356 Troiani
788 319 893 355 fama
913 319 1059 355 laboris

229 384 423 433 tardaque
445 389 643 420 nocturno
663 382 745 419 tela
765 387 924 419 retexta
943 381 1046 418 dolo.
1334 382 1384 418 30

174 452 229 486 sic
251 450 435 486 Nemesis
456 448 635 498 longum,
657 451 712 485 sic
734 448 851 484 Delia
871 461 1019 484 nomen
1041 447 1262 493 habebunt,

227 514 355 551 altera
375 528 468 551 cura
488 528 641 560 recens,
662 514 789 551 altera
808 516 959 563 primus
978 526 1099 550 amor.

175 580 283 627 Quid
305 594 372 617 vos
393 594 501 617 sacra
522 581 690 617 iuvant?
721 580 817 630 quid
838 593 946 616 nunc
966 579 1171 629 Aegyptia
1190 584 1358 628 prosunt

228 644 371 680 sistra?
403 643 499 693 quid
520 646 561 679 in
583 656 706 679 vacuo
726 643 955 679 secubuisse
975 647 1063 679 toro
1081 643 1095 677 ?

173 711 265 734 cuni
285 701 447 747 rapiunt
466 698 571 734 mala
591 697 673 734 fata
693 698 1071 746 bonos—ignoscite
1092 696 1195 733 fasso
1214 697 1278 733 !—
1334 696 1383 733 35

229 758 420 796 sollicitor
441 758 571 795 nullos
593 771 679 795 esse
696 763 838 807 putare.
859 757 966 794 deos.

174 824 260 858 vive
282 823 620 870 pius—moriere3
650 823 738 870 pius
758 820 843 857 cole
864 819 1231 857 sacra-colentem

227 897 333 921 mors
353 886 483 933 gravis
503 898 525 920 a
545 884 708 933 templis
729 886 770 920 in
791 897 885 920 cava
905 884 1023 920 busta
1042 883 1179 920 trahet
1198 896 1207 927 3

173 948 415 984 carminibus
436 946 591 983 confide
613 948 900 992 bonis—iacet,
923 960 1029 992 ecce,
1051 946 1232 983 Tibullus
1253 961 1260 984 :

227 1013 292 1046 vix
312 1015 451 1047 manet
472 1024 493 1047 e
515 1015 614 1055 toto,
636 1024 756 1059 parva
776 1010 882 1060 quod
904 1023 1004 1046 urna
1024 1011 1154 1059 capit!
1332 1011 1382 1047 40

174 1078 283 1118 tene,
306 1086 416 1110 sacer
437 1078 560 1118 vates,
582 1073 763 1109 flammae
783 1086 952 1122 rapuere
973 1073 1130 1122 rogales

226 1137 456 1185 pectoribus
477 1139 583 1185 pasci
604 1149 679 1173 nec
699 1139 872 1172 timuere
892 1138 972 1172 tuis
989 1137 1003 1172 ?

171 1212 291 1235 aurea
312 1204 540 1235 sanctorum
562 1201 789 1248 potuissent
808 1198 961 1248 templa
981 1198 1148 1235 deorum

227 1275 356 1308 urere,
378 1275 480 1312 quae
500 1267 661 1298 tantum
683 1264 908 1298 sustinuere
929 1261 1042 1298 nefas
1059 1263 1065 1298 Ι

170 1328 318 1362 avertit
338 1324 484 1371 vultus,
506 1324 644 1375 Erycis
665 1338 767 1374 quae
787 1324 966 1374 possidet
986 1331 1095 1362 arces
1112 1337 1120 1369 3
1331 1325 1380 1361 45

226 1391 320 1422 sunt
340 1398 512 1435 quoque,
534 1387 602 1435 qui
622 1384 803 1421 lacrimas
824 1387 1068 1421 continuisse
1089 1390 1252 1434 negant.

173 1448 253 1485 Sed
274 1453 411 1485 tamen
433 1447 508 1484 hoc
528 1447 684 1493 melius,
707 1461 826 1497 quam
847 1450 877 1484 si
901 1447 1094 1484 Phaeacia
1113 1447 1235 1484 tellus

225 1514 410 1560 ignotum
431 1511 498 1548 vili
518 1514 792 1561 supposuisset
811 1511 944 1547 humo.

172 1574 265 1610 hinc
286 1579 396 1610 certe
417 1574 598 1610 madidos
619 1574 813 1623 fugientis
833 1576 978 1623 pressit
999 1573 1145 1610 ocellos

224 1639 355 1670 mater
375 1639 417 1670 et
437 1636 478 1669 in
499 1636 654 1671 cineres
674 1633 816 1670 ultima
835 1634 940 1670 dona
960 1633 1055 1670 tulit
1073 1647 1081 1678 3
1329 1635 1379 1671 50

172 1694 265 1731 hinc
286 1707 394 1730 soror
414 1696 455 1730 in
476 1699 633 1743 partem
654 1697 798 1730 misera
818 1707 909 1730 cuni
930 1699 1058 1731 matre
1079 1694 1225 1731 doloris

224 1757 337 1791 venit
356 1756 559 1791 inornatas
580 1754 771 1791 dilaniata
800 1768 943 1799 comas,

214 1824 224 1842 ¹
249 1824 437 1866 defugiunt
455 1825 490 1856 J.
510 1825 547 1857 G.
567 1825 771 1865 Jahnfrom
788 1830 850 1857 two
867 1825 986 1857 MSS:
1013 1825 1205 1868 diffugiunt
1221 1826 1309 1867 vulg).

215 1908 230 1921 α
255 1902 427 1940 Tibullus,
447 1903 482 1933 in
499 1903 520 1934 i.
542 1904 572 1941 3,
593 1903 711 1939 23—26‚
733 1902 840 1934 refers
858 1908 895 1934 to
912 1903 1041 1934 Delia’s
1057 1903 1224 1935 devotion
1242 1907 1279 1935 to
1296 1904 1372 1936 Isis.

171 1945 245 1976 The
262 1946 405 2020 sistrum
424 1957 494 1977 was
512 1957 555 1977 an
575 1946 752 1988 Egyptian
768 1947 912 1978 musical
930 1947 1144 1979 instrument
1161 1947 1245 1979 used
1263 1949 1297 1978 in
1316 1949 1377 1980 her

169 1999 259 2020 wors
273 2000 334 2031 up.

169 2052 245 2097 482
