1445 2297
719 67 858 106 OVID

190 174 297 211 Mars
317 187 475 224 quoque
497 174 719 223 deprensus
740 173 894 210 fabrilia
915 175 1072 212 vincula
1093 177 1242 218 sensit;

242 237 374 271 notior
393 237 434 270 in
455 234 565 271 caelo
586 233 720 271 fabula
740 233 850 270 nulla
871 234 957 272 fuit.
1341 235 1391 272 40

187 297 272 344 ipse
294 307 369 344 ego
391 297 524 344 segnis
545 308 652 331 eram
674 294 948 344 discinctaque
969 298 1011 330 in
1032 297 1113 331 otia
1134 299 1251 331 natus
1270 307 1278 338 ;

242 355 472 391 mollierant
491 357 644 391 animos
664 354 793 391 lectus
814 360 856 391 et
876 356 1016 392 umbra
1035 368 1155 391 meos.

188 414 336 465 inpulit
356 418 545 464 ignavum
566 414 760 451 formosae
783 428 875 451 cura
895 415 1053 464 puellae

243 477 358 512 iussit
378 480 420 511 et
440 477 481 510 in
503 477 641 511 castris
661 487 753 511 aera
772 488 929 512 merere
951 478 1039 512 suis.

189 535 285 572 inde
307 535 417 572 vides
437 535 585 584 agilem
606 540 882 585 nocturnaque
904 535 1009 572 bella
1030 540 1253 585 gerentem.
1343 536 1393 571 45

244 597 312 646 qui
333 595 445 632 nolet
466 594 550 631 fieri
571 594 806 640 desidiosus,
827 600 936 632 amet
955 596 962 631 2

784 753 820 789 Χ

192 858 341 905 QUALIS
361 859 411 895 ab
433 859 583 895 Eurota
605 858 786 909 Phrygiis
807 864 945 895 avecta
967 861 1108 895 carinis

245 914 480 962 coniugibus
501 913 596 949 belli
617 927 733 949 causa
753 913 908 950 duobus
928 918 1026 958 erat,

193 967 319 1017 qualis
341 973 427 1004 erat
449 967 572 1012 Lede,
595 981 713 1017 quam
734 967 880 1017 plumis
900 967 1061 1004 abditus
1081 967 1180 1004 albis

247 1021 414 1058 callidus
434 1024 475 1057 in
496 1021 594 1058 fzsssa
613 1021 709 1058 lusit
728 1021 888 1059 adulter
906 1035 991 1067 ave,

193 1075 320 1126 qualis
344 1076 567 1126 Amymone
589 1079 700 1113 siccis
721 1079 866 1113 erravit
887 1079 928 1112 in
947 1075 1081 1126 agris)
1373 1077 1395 1112 5

248 1144 339 1166 cum
359 1136 563 1180 premeret
585 1133 728 1167 summi
750 1134 909 1167 verticis
930 1144 1029 1167 urna
1049 1144 1237 1167 comas—-

193 1184 284 1222 talis
305 1197 415 1227 eras3
446 1185 700 1234 aquilamque
722 1188 763 1221 in
783 1191 824 1221 'te
845 1190 1087 1234 taurumque
1108 1186 1314 1231 timebam,

249 1244 291 1275 et
312 1239 507 1289 quidquid
528 1253 676 1288 magno
697 1239 747 1275 de
772 1239 865 1276 Iove
887 1239 984 1276 fecit
1004 1252 1123 1275 amor.

195 1293 314 1330 Nunc
334 1296 455 1329 timor
476 1296 604 1330 omnis
624 1295 750 1339 abest,
772 1297 974 1344 animique
995 1297 1173 1330 resanuit
1194 1307 1315 1340 error,

249 1361 325 1384 nec
344 1347 466 1384 facies
487 1348 620 1384 oculos
641 1351 719 1384 iam
740 1351 847 1398 capit
866 1351 941 1384 ista
960 1361 1080 1385 meos.
1350 1348 1397 1385 10

196 1415 266 1438 cur
286 1405 360 1439 sim
380 1407 573 1448 mutatus,
595 1403 780 1452 quaeris?
838 1405 930 1452 quia
949 1415 1117 1439 munera
1137 1405 1276 1452 poscis.

249 1456 349 1493 haec
370 1462 412 1493 te
433 1470 514 1492 non
535 1459 688 1506 patitur
708 1470 825 1493 causa
845 1456 1003 1506 placere
1024 1457 1135 1493 mihi.

195 1510 325 1547 donec
347 1524 433 1547 eras
454 1511 636 1560 simpleX‚
657 1514 835 1547 animum
857 1524 947 1548 cum
968 1524 1131 1560 corpore
1153 1514 1280 1547 amavi
1299 1524 1307 1556 3

250 1578 357 1601 nunc
378 1568 527 1602 mentis
547 1568 644 1601 vitio
665 1565 771 1601 laesa
792 1565 917 1614 figura
936 1570 1006 1601 tua
1027 1570 1098 1602 est.

197 1624 239 1656 et
259 1632 359 1668 puer
379 1624 442 1656 est
463 1625 504 1655 et
525 1619 656 1656 nudus
678 1619 826 1663 Amor;
857 1622 941 1656 sine
963 1619 1143 1656 sordibus
1163 1633 1289 1657 annos
1350 1620 1397 1657 15

251 1678 293 1710 et
313 1673 442 1710 nullas
463 1679 607 1719 vestes,
630 1679 675 1710 ut
696 1676 747 1710 sit
766 1679 941 1723 apertus,
964 1673 1097 1711 habet.

676 1761 686 1779 ¹
711 1762 816 1803 Argis
834 1762 953 1793 Burm.

241 1849 257 1862 α
279 1843 353 1874 The
370 1843 441 1874 tale
457 1843 493 1874 of
509 1843 605 1875 Mars
621 1843 690 1875 and
707 1844 828 1875 Venus
844 1844 913 1875 and
929 1844 1077 1884 Vulcan,
1098 1844 1173 1876 told
1190 1845 1225 1876 in
1243 1845 1402 1887 Odyssey

198 1887 271 1918 viii.
292 1887 453 1919 266-369.

199 1930 340 2005 Ξῂζιᾶῖἐε.
367 1931 440 1962 The
466 1931 572 1962 coueh
591 1942 634 1963 on
653 1931 766 1962 which
785 1932 828 1963 he
844 1935 954 1963 wrote
971 1931 1025 1963 his
1043 1942 1158 1964 verses
1175 1932 1274 1975 lying
1289 1933 1325 1963 in
1342 1932 1401 1964 the

202 2036 277 2084 358
