1409 2282
652 70 791 107 OVID

118 180 159 211 te
181 179 273 211 tuus
294 177 369 211 iste
390 177 499 224 rigor
518 176 716 224 positique
743 177 828 211 sine
848 179 934 210 arte
955 174 1086 224 capilli

172 239 214 271 et
234 234 333 271 levis
354 237 517 284 egregio
537 233 666 283 pulvis
687 236 728 270 in
749 247 815 270 ore
836 234 966 270 decet.

117 297 199 331 sive
220 294 362 331 ferocis
384 297 477 344 equi
498 294 693 330 luctantia
714 294 815 330 colla
835 306 1029 339 recurvas,

172 357 317 403 exiguo
337 353 458 390 flexos
478 356 597 389 miror
617 356 658 389 in
679 354 772 390 orbe
794 354 941 403 pedes;
1269 354 1320 391 80

117 428 187 451 seu
208 414 366 450 lentum
387 413 518 450 valido
538 419 700 463 torques
720 413 865 450 hastile
886 413 1048 459 lacerto,

171 487 236 510 ora
258 473 369 510 ferox
391 477 432 509 in
453 487 495 510 se
517 486 628 510 versa
647 473 819 510 lacertus
841 473 976 519 habet,

117 537 198 571 sive
219 539 335 570 tenes
356 533 439 570 lato
459 533 656 570 venabula
677 547 821 570 cornea
841 533 955 570 ferro.

170 594 346 643 denique
366 599 502 630 nostra
522 596 632 630 iuvat
646 594 658 617 1
681 593 844 639 lumina,
866 593 1063 643 quidquid
1085 596 1182 643 agis.

117 654 177 691 Tu
199 654 319 691 modo
339 654 532 690 duritiam
554 654 660 690 silvis
681 654 839 703 depone
860 656 1032 703 iugosis;
1270 654 1319 689 85

171 728 251 750 non
273 728 360 751 sum
381 714 526 750 militia
539 714 553 737 2
573 714 696 763 digna
718 717 847 763 perire
868 719 947 750 tua.

117 774 213 825 quid
235 777 345 811 iuvat
365 777 565 810 incinctae
586 774 719 810 studia
740 787 925 810 exercere
954 773 1121 818 Dianae,

171 840 214 871 et
233 835 382 871 Veneri
404 848 589 871 numeros
611 837 801 883 eripuisse
823 835 941 871 suos?

117 894 223 945 quod
246 900 356 931 caret
375 894 530 931 alterna
551 897 702 944 requie,
723 894 902 931 durabile
924 907 1004 930 non
1026 899 1111 938 est;

170 955 270 991 haec
290 960 448 1004 reparat
469 958 570 991 vires
591 954 774 1004 fessaque
794 955 974 991 membra
994 960 1125 991 novat.
1269 954 1319 991 90

116 1020 328 1051 arcus—et
348 1028 456 1051 arma
476 1020 570 1051 tuae
591 1015 666 1051 tibi
686 1020 781 1051 sunt
801 1014 994 1051 imitanda
1018 1014 1226 1052 Dianae—

172 1077 203 1111 si
224 1088 443 1124 numquam
464 1088 592 1111 cesses
613 1074 796 1118 tendere,
818 1074 947 1111 mollis
969 1077 1054 1111 erit.

117 1134 245 1171 clarus
267 1140 352 1171 erat
373 1135 480 1172 silvis
501 1134 713 1184 Cephalus,
734 1134 967 1185 multaeque
989 1148 1060 1183 per
1086 1134 1229 1171 herbas

171 1189 431 1226 conciderant
451 1189 519 1225 illo
540 1192 794 1238 percutiente
816 1188 924 1225 ferae
940 1202 949 1233 ;

117 1257 192 1280 nec
212 1249 350 1280 tamen
373 1244 550 1280 Aurorae
571 1243 674 1279 male
696 1256 737 1279 se
760 1244 978 1292 praebebat
999 1243 1225 1279 amandum.
1269 1244 1318 1280 95

170 1299 256 1334 ibat
275 1298 325 1334 ad
347 1298 454 1334 hunc
476 1301 633 1346 sapiens
654 1312 676 1333 a
696 1311 792 1334 sene
814 1297 904 1334 diva
925 1300 1017 1333 viro.

116 1365 235 1401 saepe
257 1353 330 1388 sub
351 1352 506 1388 ilicibus
528 1352 728 1388 Venerem
749 1352 974 1401 Cinyraque
996 1357 1174 1388 creatum

171 1409 362 1443 sustinuit
382 1409 532 1455 positos
553 1406 758 1456 quaelibet
778 1406 901 1442 herba
922 1406 1031 1443 duos.

116 1463 212 1497 arsit
232 1466 275 1497 et
296 1460 476 1498 Oenides
497 1464 537 1496 in
568 1460 767 1497 Maenalia
788 1460 1004 1504 Atalanta;

170 1514 238 1550 illa
258 1514 367 1551 ferae
388 1515 559 1564 spolium
580 1517 725 1563 pignus
747 1517 890 1551 amoris
912 1514 1044 1551 habet.
1244 1515 1318 1552 100

116 1582 187 1605 nos
208 1582 367 1618 quoque
388 1572 465 1604 iam
487 1572 658 1617 primum
679 1569 796 1605 turba
816 1582 1073 1605 numeremur
1103 1571 1143 1604 in
1164 1571 1239 1605 ista
1256 1570 1263 1605 !

171 1626 203 1659 si
225 1623 425 1659 Venerem
446 1623 575 1667 tollas,
597 1625 743 1659 rustica
765 1623 861 1659 silva
882 1628 951 1659 tua
972 1628 1044 1659 est.

115 1680 200 1727 ipsa
221 1690 353 1714 comes
374 1680 544 1722 veniamj
566 1690 640 1713 nec
662 1691 725 1713 me
747 1677 944 1713 latebrosa
964 1677 1185 1714 movebunt

171 1745 263 1767 saxa
283 1745 415 1781 neque
437 1731 598 1781 obliquo
619 1731 746 1768 dente
767 1731 972 1768 timendus
993 1744 1098 1780 aper.

159 1807 168 1826 ¹
194 1808 293 1839 iuvat
312 1807 374 1838 Εω
387 1808 490 1840 Plan.
510 1820 516 1838 ε
543 1808 642 1838 iuvas
661 1822 683 1838 ω
703 1807 786 1847 only.

157 1851 170 1870 2
194 1852 341 1882 materia
369 1851 472 1883 MSS.
493 1863 499 1882 :
525 1851 653 1882 militia
679 1851 762 1883 P‹1.:
790 1851 957 1882 materias
983 1850 1089 1892 digna
1113 1851 1231 1893 vigore
1255 1854 1317 1882 tuo

115 1895 228 1927 Bene:
253 1894 387 1926 duritia
404 1895 525 1926 Faber.

392 1985 405 1998 ‘¹
431 1978 618 2011 Tithonus.
843 1979 856 1998 ὸ
881 1978 1026 2011 Adonis.

120 2047 167 2084 ¹30
