1445 2297
713 98 852 135 OVID

181 208 370 255 suspicor,
392 211 434 242 et
454 205 560 241 fama
573 210 645 242 est.
677 204 801 241 oculis
817 217 976 254 quoque
996 203 1146 253 pupula
1166 203 1315 253 duplex
1336 203 1382 239 15

235 266 435 310 fulminat,
457 270 499 302 et
519 267 681 314 gemino
700 264 840 301 lumen
859 265 908 300 ab
929 264 1024 300 orbe
1045 263 1185 300 venit.1

182 331 323 363 evocat
342 328 517 375 antiquis
537 338 703 374 proavos
723 329 939 374 atavosque
959 323 1150 373 sepulcris

237 391 279 422 et
299 385 466 422 solidam
486 385 607 434 longo
628 387 803 421 camnine
825 384 942 420 findit
962 383 1139 420 humum.

184 446 299 482 Haec
321 446 394 482 sibi
415 448 622 495 proposuit
642 444 838 481 thalamos
858 449 1057 480 temerare
1078 443 1244 492 pudicos
1263 456 1271 487 ;

237 520 312 542 nec
332 511 470 543 tamen
492 506 651 556 eloquio
672 505 809 554 lingua
829 509 1003 540 nocente
1025 508 1145 539 caret.
1334 503 1383 539 20

182 566 262 603 fors
282 580 347 603 me
369 569 542 603 sermoni
561 571 710 602 testem
731 564 846 601 dedit
864 577 872 608 3
901 563 969 600 illa
988 564 1180 600 monebat

236 626 452 663 talia—me
473 626 654 675 duplices
674 625 885 662 occuluere
906 623 1010 660 fores
1027 637 1035 660 :

184 691 208 707 “
221 689 294 723 scis
316 686 412 722 here
433 692 488 731 te,
509 700 599 722 mea
618 685 699 731 lux,
721 687 855 722 iuveni
875 684 1070 734 placuisse
1092 685 1241 720 beato?

238 746 367 783 haesit
388 752 429 783 et
450 749 491 782 in
512 746 625 782 vultu
647 748 830 782 constitit
849 758 975 794 usque
997 749 1078 781 tuo.

184 812 226 844 et
247 820 316 843 cur
336 820 417 842 non
438 806 595 855 placeas
613 807 626 842 ?
657 805 757 842 nulli
778 811 848 842 tua
868 804 994 841 forma
1015 804 1191 841 secunda
1212 809 1274 841 est
1292 817 1300 848 3
1337 804 1385 849 235

238 880 302 903 me
323 870 521 911 miseram,
543 866 689 915 dignus
710 878 874 914 corpore
896 865 1026 901 cultus
1047 865 1162 901 abest
1180 865 1187 899 l

184 933 265 964 tam
288 927 384 964 felix
406 940 512 963 esses
533 940 652 976 quam
673 925 967 971 formosissima,
988 925 1190 961 vellem—

238 1001 319 1023 non
340 1001 427 1036 egO,
449 992 490 1024 ’ce
512 986 617 1023 facta
637 986 775 1030 divite,
797 999 949 1035 pauper
969 998 1047 1022 ero.

184 1048 299 1084 stella
320 1048 394 1084 tibi
414 1049 586 1096 oppositi
607 1049 744 1082 nocuit
765 1048 962 1082 contraria
982 1045 1134 1081 Martis.

240 1108 347 1144 Mars
367 1108 465 1143 abiit
483 1120 491 1151 3
522 1110 636 1155 signo
657 1120 764 1142 nunc
785 1106 922 1142 Venus
941 1111 1036 1154 apta
1056 1118 1136 1141 suo.
1337 1104 1387 1140 30

184 1171 309 1217 prosit
329 1173 374 1204 ut
393 1167 624 1211 adveniens,
647 1180 697 1202 en
718 1166 901 1215 adspice!
933 1165 1043 1201 dives
1063 1170 1217 1201 amator

238 1234 279 1264 te
301 1230 426 1277 cupiit
445 1240 453 1271 3
483 1240 613 1271 curae,
635 1226 731 1276 quid
751 1227 825 1262 tibi
845 1225 962 1269 desit,
984 1225 1117 1261 habet.

185 1294 246 1325 est
267 1291 389 1324 etiam
410 1287 544 1332 facies,
566 1300 667 1336 quae
689 1299 730 1323 se
752 1287 826 1322 tibi
847 1290 1051 1335 conparet,
1073 1285 1129 1321 illi
1149 1298 1157 1329 3

239 1350 270 1384 si
290 1353 331 1384 te
353 1361 432 1383 non
456 1352 633 1396 emptam
654 1345 790 1391 vellet,
812 1345 1007 1382 emendus
1029 1344 1151 1381 erat.''

186 1408 367 1444 Erubuit.
407 1411 429 1427 “
443 1407 563 1443 decet
583 1406 671 1442 alba
692 1405 855 1455 quidem
876 1405 1005 1454 pudor
1025 1418 1103 1450 ora,
1125 1404 1196 1441 sed
1217 1407 1305 1450 iste,
1337 1404 1387 1440 35

239 1470 270 1504 si
291 1467 465 1511 simules,
487 1466 675 1515 prodest3
705 1478 821 1502 verus
841 1466 980 1501 obesse
1002 1464 1115 1501 solet.

185 1541 276 1564 cum
296 1529 400 1564 bene
416 1527 585 1563 deiectis
605 1529 802 1575 gremium
823 1525 1022 1574 spectabis
1042 1524 1190 1569 ocellis,

241 1594 437 1638 quantum
458 1590 626 1637 quisque
647 1586 763 1630 ferat,
785 1585 1060 1634 respiciendus
1081 1587 1168 1621 erit.

186 1648 352 1685 forsitan
372 1647 590 1684 inmundae
611 1646 727 1682 Tatio
747 1650 944 1695 regnante
966 1644 1137 1681 Sabinae

241 1708 445 1744 noluerint
465 1707 617 1743 habiles
638 1706 817 1755 pluribus
838 1718 924 1741 esse
944 1707 1036 1740 viris
1062 1717 1071 1748 3
1337 1701 1388 1737 40

186 1782 293 1804 nunc
316 1768 423 1804 Mars
444 1769 621 1804 externis
641 1769 794 1802 animos
815 1770 977 1802 exercet
997 1767 1039 1800 in
1058 1766 1189 1807 arinis,

239 1833 281 1864 at
302 1828 438 1864 Venus
459 1827 623 1863 Aeneae
644 1831 788 1875 regnat
808 1828 849 1861 in
869 1825 967 1861 urbe
988 1827 1058 1860 sui.

492 1896 501 1914 ¹
526 1897 625 1928 venit
644 1897 691 1927 P:
717 1896 824 1926 micat
842 1895 887 1936 Pl
905 1894 1004 1925 avem.
1029 1894 1084 1924 Βν.
1166 1927 1169 1932 ,

230 1970 244 1982 ¹¹
264 1963 386 2037 fliny,
405 1949 589 1994 N.II.vvii.
608 1963 658 2000 16,
677 1948 727 2000 ἦ,
746 1962 795 1998 18,
812 1959 938 2002 speaks
955 1959 990 1990 of
1006 1970 1139 1990 women
1158 1945 1243 1989 with
1261 1956 1389 1989 double

187 2018 271 2049 pupi
290 2018 314 2038 s.

190 2066 265 2112 348
