1409 2282
697 76 836 114 OVID

166 190 212 222 ut
232 189 317 221 rate
338 183 446 221 felici
467 188 607 233 pacata
627 195 700 232 per
718 194 891 231 aequora
910 181 1032 225 labar,
1318 178 1367 214 65

220 249 425 294 temperet
445 249 490 280 ut
512 248 651 280 ventos
673 240 973 279 Aeolus—exul
995 240 1085 277 ero!

167 317 248 341 non
270 317 345 353 ego
365 308 422 349 te,
443 303 562 340 Crete
584 307 747 339 centum
769 301 927 351 digesta
948 313 1019 350 per
1041 300 1172 344 urbes,

219 365 450 413 adspiciam,
472 375 596 412 puero
617 365 779 412 cognita
798 367 905 398 terra
927 360 1033 397 Iovi!

166 429 208 461 at
228 429 343 474 pater
363 428 405 460 et
424 422 547 460 tellus
567 425 672 459 iusto
692 426 863 471 regnata
884 423 1042 470 parenti

221 483 379 534 prodita
399 488 493 520 sunt
513 482 633 528 facto,
653 484 816 518 nomina
837 494 940 526 cara,
960 493 1064 526 meo,
1319 478 1368 516 ΤΟ

167 558 258 581 eum
278 545 367 590 tibi,
387 556 438 580 ne
460 546 586 580 victor
606 547 717 580 tecto
738 554 936 578 morerere
958 553 1135 585 recurvo,

221 617 322 654 quae
343 609 533 653 regerent
553 615 702 652 passus,
723 615 793 651 pro
813 601 915 638 duce
936 601 1000 637 fila
1020 600 1127 645 dedi,

167 679 257 701 cum
277 664 375 700 mihi
395 664 555 700 dicebas
573 677 580 700 ;
612 667 636 683 “
649 676 720 712 per
740 676 816 711 ego
836 664 920 711 ipsa
940 660 1115 710 pericula
1135 663 1233 704 iur0,

221 731 263 762 te
284 724 381 769 fore,
401 724 497 760 dum
517 729 699 760 nostrum
720 725 827 758 vivet
847 727 1030 771 uterque,
1050 720 1218 757 meam.''
1246 758 1249 759 γ

168 785 360 829 Vivimus,
381 789 423 821 et
443 797 523 820 non
544 797 643 829 sum,
664 782 838 828 Theseu,
858 785 1015 819 'cua—si
1035 781 1154 818 modo
1175 785 1271 819 vivit
1320 783 1368 820 75

222 844 371 881 femina
392 847 539 893 periuri
558 843 698 880 fraude
719 842 876 892 sepulta
896 845 977 879 viri.

168 919 233 942 me
255 918 429 955 quoque,
449 918 526 954 qua
547 903 725 948 fratrem,
745 908 972 948 mactasses,
993 903 1172 951 inprobe,
1194 902 1301 939 clava
1321 915 1329 945 ;

222 970 341 1010 esset,
363 977 481 1014 quam
502 963 683 1009 dederas,
704 968 832 999 morte
854 962 983 999 soluta
1003 962 1111 999 fides.

167 1039 275 1062 nune
297 1038 371 1074 ego
392 1038 473 1061 non
493 1029 666 1069 tantum,
687 1036 788 1073 quae
810 1036 896 1059 sum
917 1036 1090 1071 passura,
1112 1022 1308 1068 recordor,

222 1085 293 1122 sed
314 1098 590 1135 quaecumque
611 1089 747 1133 potest
767 1083 847 1120 ulla
867 1083 1007 1119 relicta
1028 1086 1122 1132 pati.
1320 1082 1370 1119 80

168 1150 382 1182 occurrunt
400 1148 533 1181 animo
553 1144 750 1193 pereundi
769 1143 879 1180 mille
900 1143 1062 1193 figurae,

221 1218 407 1255 morsque
428 1208 559 1241 minus
579 1217 733 1254 poenae
754 1217 873 1254 quam
892 1217 1002 1240 mora
1021 1206 1159 1240 mortis
1180 1203 1313 1240 habet.

168 1269 246 1301 iam
266 1268 344 1301 iam
364 1270 553 1301 venturos
573 1270 643 1301 aut
663 1264 736 1301 hac
757 1269 826 1300 aut
846 1266 1022 1313 suspicor
1041 1263 1143 1309 illac,

222 1328 289 1375 qui
310 1325 465 1362 lanient
485 1324 601 1361 avido
621 1327 771 1361 viscera
791 1324 930 1368 dente,
950 1323 1075 1373 lupos.

169 1383 256 1429 quis
276 1382 351 1416 scit
371 1393 421 1415 an
442 1384 484 1416 et
501 1379 513 1402 1
535 1378 662 1416 fulvos
682 1378 803 1415 tellus
822 1378 903 1415 alat
923 1381 997 1415 ista
1018 1378 1182 1415 leones?
1321 1378 1370 1413 85

223 1434 388 1470 forsitan
409 1439 450 1470 et
470 1446 604 1470 saevas
625 1432 790 1482 tigridas
811 1432 937 1469 insula
958 1432 1112 1469 habet.2

170 1493 211 1524 et
232 1488 335 1524 freta
355 1488 545 1524 dicuntur
564 1500 728 1537 magnas
750 1486 952 1536 expellere
974 1486 1120 1535 phocas
1138 1488 1144 1523 !

223 1545 310 1592 quis
330 1547 442 1579 vetat
463 1547 505 1578 et
525 1541 678 1591 gladios
699 1554 770 1590 per
789 1541 893 1578 latus
913 1544 969 1577 ire
990 1542 1155 1577 meum?

169 1596 344 1633 Tantum
364 1609 415 1633 ne
435 1596 582 1645 religer
600 1595 698 1632 dura
718 1598 873 1644 captiva
894 1600 1048 1640 eatena,

223 1663 325 1687 neve
347 1650 503 1687 traham
523 1663 635 1686 serva
655 1649 820 1699 grandia
840 1662 964 1699 pensa
983 1663 1118 1694 manu,
1321 1648 1370 1684 90

213 1719 223 1738 ¹
249 1720 333 1758 Quis
351 1721 418 1751 seit
434 1731 478 1751 an
495 1720 593 1751 made
618 1725 650 1751 to
677 1719 802 1759 chmzye
824 1720 937 1760 plzces
967 1719 1041 1750 with
1071 1719 1219 1750 forsitan
1249 1718 1372 1759 et7s07·

170 1763 221 1794 the
238 1763 314 1795 salte
332 1764 374 1804 of
384 1768 508 1804 syntax
526 1764 633 1795 Hons.

212 1806 225 1825 ²
249 1818 368 1838 saevas
386 1807 534 1849 tigridas
551 1807 664 1838 insula
681 1806 788 1838 habet
807 1807 836 1838 G
850 1820 856 1838 :
877 1806 1025 1848 trigides
1042 1806 1156 1837 insula
1172 1805 1301 1847 haberit
1317 1805 1368 1836 P:

170 1854 206 1882 et
222 1861 361 1882 saevam
378 1850 511 1892 tigrida
528 1850 595 1882 Dia
612 1850 704 1882 ferat
721 1850 831 1882 editor
847 1850 888 1891 of
898 1850 938 1881 E.

213 1934 228 1948 α
250 1928 324 1959 Her
351 1927 409 1959 aid
425 1933 463 1959 to
479 1928 632 1959 Theseus
649 1929 685 1959 in
711 1928 764 1958 his
790 1928 927 1970 slaying
953 1928 988 1959 of
1015 1928 1075 1959 the
1102 1908 1282 1959 Minotaur
1309 1927 1371 1958 her

169 1972 325 2011 brother,
344 1971 413 2003 and
431 1971 484 2002 his
501 1982 622 2013 escape
640 1971 728 2002 from
747 1971 807 2003 the
826 1971 1032 2013 Labyrinth.

177 2037 248 2072 126
