<?xml version="1.0" encoding="UTF-8"?>
<!DOCTYPE html PUBLIC "-//W3C//DTD XHTML 1.0 Transitional//EN"
    "http://www.w3.org/TR/xhtml1/DTD/xhtml1-transitional.dtd">
<html xmlns="http://www.w3.org/1999/xhtml" xml:lang="en" lang="en">
 <head>
  <title>
</title>
<meta http-equiv="Content-Type" content="text/html;charset=utf-8" />
  <meta name='ocr-system' content='tesseract 3.04.00' />
  <meta name='ocr-capabilities' content='ocr_page ocr_carea ocr_par ocr_line ocrx_word'/>
</head>
<body>
  <div class='ocr_page' id='page_1' title='image "./heroidesamores00ovid_0418.png"; bbox 0 0 1445 2297; ppageno 0'>
   <div class='ocr_carea' id='block_1_1' title="bbox 709 75 849 113">
    <p class='ocr_par' dir='ltr' id='par_1_1' title="bbox 709 75 849 113">
     <span class='ocr_line' id='line_1_1' title="bbox 709 75 849 113; baseline -0.014 0"><span class='ocrx_word' id='word_1_1' title='bbox 709 75 849 113; x_wconf 93' lang='lat' dir='ltr'>OVID</span> 
     </span>
    </p>
   </div>
   <div class='ocr_carea' id='block_1_2' title="bbox 175 180 1362 373">
    <p class='ocr_par' dir='ltr' id='par_1_2' title="bbox 175 180 1362 373">
     <span class='ocr_line' id='line_1_2' title="bbox 175 180 1121 230; baseline 0.001 -14"><span class='ocrx_word' id='word_1_2' title='bbox 175 183 369 230; x_wconf 74' lang='lat' dir='ltr'>psittacus</span> <span class='ocrx_word' id='word_1_3' title='bbox 389 180 459 217; x_wconf 86' lang='lat' dir='ltr'>has</span> <span class='ocrx_word' id='word_1_4' title='bbox 479 183 586 217; x_wconf 83' lang='lat' dir='ltr'>inter</span> <span class='ocrx_word' id='word_1_5' title='bbox 606 180 798 217; x_wconf 86' lang='lat' dir='ltr'>nemorali</span> <span class='ocrx_word' id='word_1_6' title='bbox 818 181 913 217; x_wconf 87' lang='lat' dir='ltr'>sede</span> <span class='ocrx_word' id='word_1_7' title='bbox 933 186 1121 230; x_wconf 82' lang='lat' dir='ltr'>receptus</span> 
     </span>
     <span class='ocr_line' id='line_1_3' title="bbox 230 251 1034 301; baseline 0 -14"><span class='ocrx_word' id='word_1_8' title='bbox 230 254 429 288; x_wconf 82' lang='lat' dir='ltr'>convertit</span> <span class='ocrx_word' id='word_1_9' title='bbox 449 251 628 287; x_wconf 84' lang='lat' dir='ltr'>volueres</span> <span class='ocrx_word' id='word_1_10' title='bbox 649 254 689 287; x_wconf 89' lang='lat' dir='ltr'>in</span> <span class='ocrx_word' id='word_1_11' title='bbox 710 264 780 288; x_wconf 86' lang='lat' dir='ltr'>sua</span> <span class='ocrx_word' id='word_1_12' title='bbox 800 252 919 288; x_wconf 79' lang='lat' dir='ltr'>verba</span> <span class='ocrx_word' id='word_1_13' title='bbox 941 254 1034 301; x_wconf 87' lang='lat' dir='ltr'>pias.</span> 
     </span>
     <span class='ocr_line' id='line_1_4' title="bbox 178 322 1362 373; baseline 0 -13"><span class='ocrx_word' id='word_1_14' title='bbox 178 322 277 360; x_wconf 86' lang='lat' dir='ltr'>Ossa</span> <span class='ocrx_word' id='word_1_15' title='bbox 299 325 404 371; x_wconf 81' lang='lat' dir='ltr'>tegit</span> <span class='ocrx_word' id='word_1_16' title='bbox 423 322 838 360; x_wconf 85' lang='lat' dir='ltr'>tumulus—tumulus</span> <span class='ocrx_word' id='word_1_17' title='bbox 858 337 929 373; x_wconf 84' lang='lat' dir='ltr'>pro</span> <span class='ocrx_word' id='word_1_18' title='bbox 950 337 1114 373; x_wconf 82' lang='lat' dir='ltr'>corpore</span> <span class='ocrx_word' id='word_1_19' title='bbox 1135 337 1362 373; x_wconf 82' lang='lat' dir='ltr'>magnus—</span> 
     </span>
    </p>
   </div>
   <div class='ocr_carea' id='block_1_3' title="bbox 230 393 1381 443">
    <p class='ocr_par' dir='ltr' id='par_1_3' title="bbox 230 393 1381 443">
     <span class='ocr_line' id='line_1_5' title="bbox 230 393 1381 443; baseline 0.003 -14"><span class='ocrx_word' id='word_1_20' title='bbox 230 407 308 443; x_wconf 90' lang='lat' dir='ltr'>quo</span> <span class='ocrx_word' id='word_1_21' title='bbox 329 393 428 443; x_wconf 85' lang='lat' dir='ltr'>lapis</span> <span class='ocrx_word' id='word_1_22' title='bbox 449 396 617 443; x_wconf 80' lang='lat' dir='ltr'>exiguus</span> <span class='ocrx_word' id='word_1_23' title='bbox 637 407 708 443; x_wconf 88' lang='lat' dir='ltr'>par</span> <span class='ocrx_word' id='word_1_24' title='bbox 728 394 800 430; x_wconf 86' lang='lat' dir='ltr'>sibi</span> <span class='ocrx_word' id='word_1_25' title='bbox 821 407 981 431; x_wconf 82' lang='lat' dir='ltr'>carmen</span> <span class='ocrx_word' id='word_1_26' title='bbox 1002 394 1125 431; x_wconf 78' lang='lat' dir='ltr'>habet</span> <span class='ocrx_word' id='word_1_27' title='bbox 1143 409 1151 432; x_wconf 79' lang='lat' dir='ltr'>z</span> <span class='ocrx_word' id='word_1_28' title='bbox 1331 395 1381 432; x_wconf 79' lang='lat'>60</span> 
     </span>
    </p>
   </div>
   <div class='ocr_carea' id='block_1_4' title="bbox 175 510 1184 537">
    <p class='ocr_par' dir='ltr' id='par_1_4' title="bbox 175 510 1184 537">
     <span class='ocr_line' id='line_1_6' title="bbox 175 510 1184 537; baseline 0.001 -1"><span class='ocrx_word' id='word_1_29' title='bbox 175 512 365 536; x_wconf 82' lang='lat' dir='ltr'>COLLIGOR</span> <span class='ocrx_word' id='word_1_30' title='bbox 387 512 435 535; x_wconf 85' lang='lat' dir='ltr'>EX</span> <span class='ocrx_word' id='word_1_31' title='bbox 457 512 537 536; x_wconf 87' lang='lat' dir='ltr'>IPSO</span> <span class='ocrx_word' id='word_1_32' title='bbox 559 510 739 536; x_wconf 81' lang='lat' dir='ltr'>DOMINAE</span> <span class='ocrx_word' id='word_1_33' title='bbox 760 512 959 536; x_wconf 82' lang='lat' dir='ltr'>PLACUISSE</span> <span class='ocrx_word' id='word_1_34' title='bbox 980 513 1184 537; x_wconf 74' lang='lat' dir='ltr'>SEPULCRO.</span> 
     </span>
    </p>
   </div>
   <div class='ocr_carea' id='block_1_5' title="bbox 229 583 1070 614">
    <p class='ocr_par' dir='ltr' id='par_1_5' title="bbox 229 583 1070 614">
     <span class='ocr_line' id='line_1_7' title="bbox 229 583 1070 614; baseline 0.001 -7"><span class='ocrx_word' id='word_1_35' title='bbox 229 584 306 607; x_wconf 80' lang='lat' dir='ltr'>ORA</span> <span class='ocrx_word' id='word_1_36' title='bbox 328 583 456 608; x_wconf 70' lang='lat' dir='ltr'>FUERE</span> <span class='ocrx_word' id='word_1_37' title='bbox 476 583 567 607; x_wconf 87' lang='lat' dir='ltr'>MIHI</span> <span class='ocrx_word' id='word_1_38' title='bbox 589 583 680 608; x_wconf 90' lang='lat' dir='ltr'>PLUS</span> <span class='ocrx_word' id='word_1_39' title='bbox 701 583 774 607; x_wconf 78' lang='lat' dir='ltr'>AVE</span> <span class='ocrx_word' id='word_1_40' title='bbox 796 583 925 608; x_wconf 87' lang='lat' dir='ltr'><strong>DOCTA</strong></span> <span class='ocrx_word' id='word_1_41' title='bbox 946 584 1070 614; x_wconf 84' lang='lat' dir='ltr'>LOQUI.</span> 
     </span>
    </p>
   </div>
   <div class='ocr_carea' id='block_1_6' title="bbox 737 760 815 796">
    <p class='ocr_par' dir='ltr' id='par_1_6' title="bbox 737 760 815 796">
     <span class='ocr_line' id='line_1_8' title="bbox 737 760 815 796; baseline 0 0"><span class='ocrx_word' id='word_1_42' title='bbox 737 760 815 796; x_wconf 79' lang='lat' dir='ltr'>VII</span> 
     </span>
    </p>
   </div>
   <div class='ocr_carea' id='block_1_7' title="bbox 170 883 1380 2082">
    <p class='ocr_par' dir='ltr' id='par_1_7' title="bbox 170 883 1380 2082">
     <span class='ocr_line' id='line_1_9' title="bbox 175 883 1190 933; baseline 0.003 -15"><span class='ocrx_word' id='word_1_43' title='bbox 175 883 290 919; x_wconf 74' lang='lat' dir='ltr'>ERGO</span> <span class='ocrx_word' id='word_1_44' title='bbox 311 883 500 919; x_wconf 83' lang='lat' dir='ltr'>sufficiam</span> <span class='ocrx_word' id='word_1_45' title='bbox 520 895 611 919; x_wconf 86' lang='lat' dir='ltr'>reus</span> <span class='ocrx_word' id='word_1_46' title='bbox 631 884 673 918; x_wconf 90' lang='lat' dir='ltr'>in</span> <span class='ocrx_word' id='word_1_47' title='bbox 693 895 795 919; x_wconf 86' lang='lat' dir='ltr'>nova</span> <span class='ocrx_word' id='word_1_48' title='bbox 816 885 981 919; x_wconf 82' lang='lat' dir='ltr'>crimina</span> <span class='ocrx_word' id='word_1_49' title='bbox 1001 897 1160 933; x_wconf 78' lang='lat' dir='ltr'><strong>semper</strong></span> <span class='ocrx_word' id='word_1_50' title='bbox 1177 886 1190 921; x_wconf 92' lang='lat'>?</span> 
     </span>
     <span class='ocr_line' id='line_1_10' title="bbox 228 953 1028 1003; baseline 0 -12"><span class='ocrx_word' id='word_1_51' title='bbox 228 960 273 991; x_wconf 89' lang='lat' dir='ltr'>ut</span> <span class='ocrx_word' id='word_1_52' title='bbox 294 957 463 999; x_wconf 84' lang='lat' dir='ltr'>vincam,</span> <span class='ocrx_word' id='word_1_53' title='bbox 484 956 635 990; x_wconf 86' lang='lat' dir='ltr'>totiens</span> <span class='ocrx_word' id='word_1_54' title='bbox 655 953 883 990; x_wconf 76' lang='lat' dir='ltr'>dimicuisse</span> <span class='ocrx_word' id='word_1_55' title='bbox 903 957 1028 1003; x_wconf 84' lang='lat' dir='ltr'>piget.</span> 
     </span>
     <span class='ocr_line' id='line_1_11' title="bbox 173 1025 1116 1075; baseline -0.001 -12"><span class='ocrx_word' id='word_1_56' title='bbox 173 1029 254 1063; x_wconf 88' lang='lat' dir='ltr'>sive</span> <span class='ocrx_word' id='word_1_57' title='bbox 277 1039 353 1075; x_wconf 83' lang='lat' dir='ltr'>ego</span> <span class='ocrx_word' id='word_1_58' title='bbox 372 1027 583 1061; x_wconf 84' lang='lat' dir='ltr'>marmorei</span> <span class='ocrx_word' id='word_1_59' title='bbox 604 1027 761 1074; x_wconf 76' lang='lat' dir='ltr'>respexi</span> <span class='ocrx_word' id='word_1_60' title='bbox 782 1038 935 1061; x_wconf 84' lang='lat' dir='ltr'>summa</span> <span class='ocrx_word' id='word_1_61' title='bbox 955 1025 1116 1071; x_wconf 74' lang='lat' dir='ltr'>theatri,</span> 
     </span>
     <span class='ocr_line' id='line_1_12' title="bbox 228 1096 989 1146; baseline 0 -13"><span class='ocrx_word' id='word_1_62' title='bbox 228 1097 343 1146; x_wconf 83' lang='lat' dir='ltr'>eligis</span> <span class='ocrx_word' id='word_1_63' title='bbox 364 1110 385 1133; x_wconf 88' lang='lat' dir='ltr'>e</span> <span class='ocrx_word' id='word_1_64' title='bbox 406 1096 556 1141; x_wconf 86' lang='lat' dir='ltr'>multis,</span> <span class='ocrx_word' id='word_1_65' title='bbox 578 1096 686 1132; x_wconf 84' lang='lat' dir='ltr'>unde</span> <span class='ocrx_word' id='word_1_66' title='bbox 708 1096 845 1133; x_wconf 85' lang='lat' dir='ltr'>dolere</span> <span class='ocrx_word' id='word_1_67' title='bbox 867 1096 989 1140; x_wconf 86' lang='lat' dir='ltr'>velis;</span> 
     </span>
     <span class='ocr_line' id='line_1_13' title="bbox 173 1168 1380 1214; baseline 0.002 -9"><span class='ocrx_word' id='word_1_68' title='bbox 173 1168 341 1205; x_wconf 80' lang='lat' dir='ltr'>candida</span> <span class='ocrx_word' id='word_1_69' title='bbox 363 1182 432 1205; x_wconf 89' lang='lat' dir='ltr'>seu</span> <span class='ocrx_word' id='word_1_70' title='bbox 453 1171 577 1204; x_wconf 83' lang='lat' dir='ltr'>tacito</span> <span class='ocrx_word' id='word_1_71' title='bbox 596 1168 697 1204; x_wconf 86' lang='lat' dir='ltr'>vidit</span> <span class='ocrx_word' id='word_1_72' title='bbox 716 1181 782 1204; x_wconf 91' lang='lat' dir='ltr'>me</span> <span class='ocrx_word' id='word_1_73' title='bbox 803 1168 951 1204; x_wconf 82' lang='lat' dir='ltr'>femina</span> <span class='ocrx_word' id='word_1_74' title='bbox 972 1168 1098 1214; x_wconf 75' lang='lat' dir='ltr'>vultu,</span> <span class='ocrx_word' id='word_1_75' title='bbox 1357 1172 1380 1207; x_wconf 84' lang='lat'>5</span> 
     </span>
     <span class='ocr_line' id='line_1_14' title="bbox 226 1239 1000 1288; baseline 0.001 -13"><span class='ocrx_word' id='word_1_76' title='bbox 226 1243 267 1276; x_wconf 90' lang='lat' dir='ltr'>in</span> <span class='ocrx_word' id='word_1_77' title='bbox 288 1239 402 1276; x_wconf 83' lang='lat' dir='ltr'>vultu</span> <span class='ocrx_word' id='word_1_78' title='bbox 423 1239 589 1276; x_wconf 81' lang='lat' dir='ltr'>tacitas1</span> <span class='ocrx_word' id='word_1_79' title='bbox 613 1242 745 1288; x_wconf 81' lang='lat' dir='ltr'>arguis</span> <span class='ocrx_word' id='word_1_80' title='bbox 767 1253 853 1276; x_wconf 82' lang='lat' dir='ltr'>esse</span> <span class='ocrx_word' id='word_1_81' title='bbox 875 1245 1000 1276; x_wconf 80' lang='lat' dir='ltr'>notas.</span> 
     </span>
     <span class='ocr_line' id='line_1_15' title="bbox 172 1310 1174 1360; baseline 0.002 -14"><span class='ocrx_word' id='word_1_82' title='bbox 172 1313 325 1360; x_wconf 81' lang='lat' dir='ltr'>siquam</span> <span class='ocrx_word' id='word_1_83' title='bbox 346 1310 515 1355; x_wconf 77' lang='lat' dir='ltr'>laudavi,</span> <span class='ocrx_word' id='word_1_84' title='bbox 537 1313 681 1347; x_wconf 83' lang='lat' dir='ltr'>misero</span> <span class='ocrx_word' id='word_1_85' title='bbox 702 1313 806 1359; x_wconf 85' lang='lat' dir='ltr'>petis</span> <span class='ocrx_word' id='word_1_86' title='bbox 827 1324 963 1359; x_wconf 81' lang='lat' dir='ltr'>ungue</span> <span class='ocrx_word' id='word_1_87' title='bbox 984 1311 1147 1360; x_wconf 78' lang='lat' dir='ltr'>capillos</span> <span class='ocrx_word' id='word_1_88' title='bbox 1166 1325 1174 1355; x_wconf 91' lang='lat'>;</span> 
     </span>
     <span class='ocr_line' id='line_1_16' title="bbox 226 1381 998 1431; baseline 0.001 -13"><span class='ocrx_word' id='word_1_89' title='bbox 226 1385 257 1419; x_wconf 88' lang='lat' dir='ltr'>si</span> <span class='ocrx_word' id='word_1_90' title='bbox 278 1382 408 1431; x_wconf 72' lang='lat' dir='ltr'>culpo,</span> <span class='ocrx_word' id='word_1_91' title='bbox 430 1384 580 1418; x_wconf 82' lang='lat' dir='ltr'>erimen</span> <span class='ocrx_word' id='word_1_92' title='bbox 602 1381 851 1418; x_wconf 84' lang='lat' dir='ltr'>dissimulare</span> <span class='ocrx_word' id='word_1_93' title='bbox 871 1387 998 1431; x_wconf 84' lang='lat' dir='ltr'>putas.</span> 
     </span>
     <span class='ocr_line' id='line_1_17' title="bbox 172 1447 1242 1497; baseline 0.002 -13"><span class='ocrx_word' id='word_1_94' title='bbox 172 1451 253 1485; x_wconf 79' lang='lat' dir='ltr'>sive</span> <span class='ocrx_word' id='word_1_95' title='bbox 274 1449 402 1484; x_wconf 88' lang='lat' dir='ltr'>bonus</span> <span class='ocrx_word' id='word_1_96' title='bbox 423 1447 530 1484; x_wconf 83' lang='lat' dir='ltr'>color</span> <span class='ocrx_word' id='word_1_97' title='bbox 551 1452 624 1493; x_wconf 76' lang='lat' dir='ltr'>est,</span> <span class='ocrx_word' id='word_1_98' title='bbox 646 1450 687 1483; x_wconf 87' lang='lat' dir='ltr'>in</span> <span class='ocrx_word' id='word_1_99' title='bbox 708 1452 750 1484; x_wconf 89' lang='lat' dir='ltr'>te</span> <span class='ocrx_word' id='word_1_100' title='bbox 772 1461 931 1497; x_wconf 86' lang='lat' dir='ltr'>quoque</span> <span class='ocrx_word' id='word_1_101' title='bbox 953 1447 1122 1497; x_wconf 81' lang='lat' dir='ltr'>frigidus</span> <span class='ocrx_word' id='word_1_102' title='bbox 1144 1462 1242 1495; x_wconf 79' lang='lat' dir='ltr'>esse,</span> 
     </span>
     <span class='ocr_line' id='line_1_18' title="bbox 226 1512 1380 1558; baseline 0.001 -8"><span class='ocrx_word' id='word_1_103' title='bbox 226 1527 295 1550; x_wconf 90' lang='lat' dir='ltr'>seu</span> <span class='ocrx_word' id='word_1_104' title='bbox 316 1513 455 1558; x_wconf 86' lang='lat' dir='ltr'>malus,</span> <span class='ocrx_word' id='word_1_105' title='bbox 477 1513 641 1549; x_wconf 87' lang='lat' dir='ltr'>alterius</span> <span class='ocrx_word' id='word_1_106' title='bbox 662 1512 771 1549; x_wconf 83' lang='lat' dir='ltr'>dicor</span> <span class='ocrx_word' id='word_1_107' title='bbox 791 1526 924 1549; x_wconf 86' lang='lat' dir='ltr'>amore</span> <span class='ocrx_word' id='word_1_108' title='bbox 946 1516 1056 1550; x_wconf 88' lang='lat' dir='ltr'>mori.</span> <span class='ocrx_word' id='word_1_109' title='bbox 1333 1515 1380 1551; x_wconf 88' lang='grc'>10</span> 
     </span>
     <span class='ocr_line' id='line_1_19' title="bbox 172 1577 1243 1627; baseline 0.001 -13"><span class='ocrx_word' id='word_1_110' title='bbox 172 1578 308 1627; x_wconf 80' lang='lat' dir='ltr'>Atque</span> <span class='ocrx_word' id='word_1_111' title='bbox 331 1591 406 1627; x_wconf 84' lang='lat' dir='ltr'>ego</span> <span class='ocrx_word' id='word_1_112' title='bbox 427 1580 582 1627; x_wconf 83' lang='lat' dir='ltr'>peccati</span> <span class='ocrx_word' id='word_1_113' title='bbox 603 1577 749 1614; x_wconf 82' lang='lat' dir='ltr'>vellem</span> <span class='ocrx_word' id='word_1_114' title='bbox 769 1577 867 1613; x_wconf 89' lang='lat' dir='ltr'>mihi</span> <span class='ocrx_word' id='word_1_115' title='bbox 890 1581 1069 1615; x_wconf 78' lang='lat' dir='ltr'>conscius</span> <span class='ocrx_word' id='word_1_116' title='bbox 1091 1592 1220 1615; x_wconf 86' lang='lat' dir='ltr'>essem</span> <span class='ocrx_word' id='word_1_117' title='bbox 1237 1580 1243 1616; x_wconf 68' lang='lat' dir='ltr'>l</span> 
     </span>
     <span class='ocr_line' id='line_1_20' title="bbox 224 1644 1199 1693; baseline 0.003 -15"><span class='ocrx_word' id='word_1_118' title='bbox 224 1656 352 1693; x_wconf 86' lang='lat' dir='ltr'>aequo</span> <span class='ocrx_word' id='word_1_119' title='bbox 372 1646 505 1679; x_wconf 87' lang='lat' dir='ltr'>animo</span> <span class='ocrx_word' id='word_1_120' title='bbox 525 1656 708 1692; x_wconf 77' lang='lat' dir='ltr'>poenam,</span> <span class='ocrx_word' id='word_1_121' title='bbox 730 1645 797 1692; x_wconf 92' lang='lat' dir='ltr'>qui</span> <span class='ocrx_word' id='word_1_122' title='bbox 818 1657 1014 1689; x_wconf 75' lang='lat' dir='ltr'>meruere,</span> <span class='ocrx_word' id='word_1_123' title='bbox 1035 1644 1173 1681; x_wconf 85' lang='lat' dir='ltr'>ferunt</span> <span class='ocrx_word' id='word_1_124' title='bbox 1191 1658 1199 1688; x_wconf 83' lang='lat'><em>3</em></span> 
     </span>
     <span class='ocr_line' id='line_1_21' title="bbox 171 1708 1301 1759; baseline 0.003 -15"><span class='ocrx_word' id='word_1_125' title='bbox 171 1722 278 1744; x_wconf 83' lang='lat' dir='ltr'>nunc·</span> <span class='ocrx_word' id='word_1_126' title='bbox 298 1714 452 1745; x_wconf 87' lang='lat' dir='ltr'>temere</span> <span class='ocrx_word' id='word_1_127' title='bbox 473 1708 677 1745; x_wconf 81' lang='lat' dir='ltr'>insimulas</span> <span class='ocrx_word' id='word_1_128' title='bbox 699 1708 981 1759; x_wconf 83' lang='lat' dir='ltr'>credendoque</span> <span class='ocrx_word' id='word_1_129' title='bbox 1002 1712 1134 1746; x_wconf 85' lang='lat' dir='ltr'>omnia</span> <span class='ocrx_word' id='word_1_130' title='bbox 1155 1709 1301 1747; x_wconf 85' lang='lat' dir='ltr'>frustra</span> 
     </span>
     <span class='ocr_line' id='line_1_22' title="bbox 224 1774 1047 1823; baseline 0 -13"><span class='ocrx_word' id='word_1_131' title='bbox 224 1777 309 1823; x_wconf 88' lang='lat' dir='ltr'>ipsa</span> <span class='ocrx_word' id='word_1_132' title='bbox 330 1779 440 1811; x_wconf 86' lang='lat' dir='ltr'>vetas</span> <span class='ocrx_word' id='word_1_133' title='bbox 461 1777 559 1810; x_wconf 85' lang='lat' dir='ltr'>iram</span> <span class='ocrx_word' id='word_1_134' title='bbox 578 1774 735 1823; x_wconf 91' lang='lat' dir='ltr'>pondus</span> <span class='ocrx_word' id='word_1_135' title='bbox 756 1774 904 1811; x_wconf 86' lang='lat' dir='ltr'>habere</span> <span class='ocrx_word' id='word_1_136' title='bbox 925 1780 1047 1811; x_wconf 87' lang='lat' dir='ltr'>tuam.</span> 
     </span>
     <span class='ocr_line' id='line_1_23' title="bbox 170 1839 1378 1888; baseline 0.002 -13"><span class='ocrx_word' id='word_1_137' title='bbox 170 1839 344 1888; x_wconf 73' lang='lat' dir='ltr'>adspice,</span> <span class='ocrx_word' id='word_1_138' title='bbox 366 1844 411 1876; x_wconf 90' lang='lat' dir='ltr'>ut</span> <span class='ocrx_word' id='word_1_139' title='bbox 431 1842 583 1876; x_wconf 83' lang='lat' dir='ltr'>auritus</span> <span class='ocrx_word' id='word_1_140' title='bbox 603 1839 853 1876; x_wconf 84' lang='lat' dir='ltr'>miserandae</span> <span class='ocrx_word' id='word_1_141' title='bbox 875 1842 990 1876; x_wconf 85' lang='lat' dir='ltr'>sortis</span> <span class='ocrx_word' id='word_1_142' title='bbox 1011 1839 1158 1877; x_wconf 79' lang='lat' dir='ltr'>asellus</span> <span class='ocrx_word' id='word_1_143' title='bbox 1331 1841 1378 1877; x_wconf 85' lang='lat'>15</span> 
     </span>
     <span class='ocr_line' id='line_1_24' title="bbox 224 1904 1038 1942; baseline 0.001 -2"><span class='ocrx_word' id='word_1_144' title='bbox 224 1904 391 1941; x_wconf 86' lang='lat' dir='ltr'>adsiduo</span> <span class='ocrx_word' id='word_1_145' title='bbox 411 1904 586 1941; x_wconf 84' lang='lat' dir='ltr'>domitus</span> <span class='ocrx_word' id='word_1_146' title='bbox 607 1906 772 1941; x_wconf 78' lang='lat' dir='ltr'>verbere</span> <span class='ocrx_word' id='word_1_147' title='bbox 793 1905 928 1942; x_wconf 85' lang='lat' dir='ltr'>lentus</span> <span class='ocrx_word' id='word_1_148' title='bbox 950 1906 1038 1942; x_wconf 71' lang='lat' dir='ltr'>eat!</span> 
     </span>
     <span class='ocr_line' id='line_1_25' title="bbox 651 1975 884 2007; baseline -0.004 0"><span class='ocrx_word' id='word_1_149' title='bbox 651 1975 660 1993; x_wconf 89' lang='lat'>¹</span> <span class='ocrx_word' id='word_1_150' title='bbox 685 1979 799 2007; x_wconf 72' lang='lat' dir='ltr'>tectas</span> <span class='ocrx_word' id='word_1_151' title='bbox 818 1976 884 2007; x_wconf 79' lang='lat' dir='ltr'>Pa.</span> 
     </span>
     <span class='ocr_line' id='line_1_26' title="bbox 172 2049 247 2082; baseline -0.013 -9"><span class='ocrx_word' id='word_1_152' title='bbox 172 2049 247 2082; x_wconf 84' lang='lat'>402</span> 
     </span>
    </p>
   </div>
  </div>
 </body>
</html>
