1409 2282
698 77 837 115 OVID

169 183 282 220 Haec
302 183 400 220 mihi
420 183 524 220 ferre
546 184 712 232 parum?
743 186 974 232 peregrinos
995 183 1108 220 addis
1128 197 1294 229 amores,

221 243 263 274 et
282 242 411 274 mater
431 237 480 274 de
502 243 543 274 te
564 237 769 287 quaelibet
790 250 875 273 esse
896 242 1042 286 potest.

166 305 247 328 non
268 305 343 341 ego
367 291 588 328 Partheniis
609 296 847 328 temeratam
866 291 1033 327 vallibus
1055 291 1213 340 Augen,

220 359 294 382 nec
315 345 485 382 referam
505 351 655 395 partus,
676 345 843 382 Ormeni
864 345 1055 395 nympha,
1074 350 1164 382 tuos
1183 358 1192 390 ;
1317 345 1366 382 50

165 413 246 436 non
266 400 340 436 tibi
361 402 511 436 crimen
532 405 663 445 erunt,
684 399 949 436 Teuthrantia
969 400 1098 444 turba,
1120 412 1285 446 sorores,

220 467 386 504 quarum
407 454 457 490 de
479 453 626 504 populo
647 454 756 490 nulla
777 453 916 490 relicta
944 454 1019 490 tibi
1041 459 1112 490 est.

165 521 257 553 una,
277 521 417 545 recens
439 511 603 554 crimen,
624 508 822 544 referetur
841 507 1023 544 adultera
1042 508 1168 553 nobis,

219 563 327 599 unde
349 576 424 612 ego
444 576 531 599 sum
552 562 666 612 Lydo
686 562 792 599 facta
811 575 981 598 noverca
1002 561 1135 598 Lamo.

168 617 419 662 Maeandros,
440 619 556 654 terris
576 619 725 653 totiens
747 621 898 653 errator
918 619 958 652 in
979 616 1119 662 isdem,
1166 658 1170 662 ,
1316 616 1366 652 55

218 674 285 721 qui
306 671 425 707 lassas
454 674 495 707 in
516 684 557 707 se
578 684 696 720 saepe
716 675 925 720 retorquet
944 683 1077 720 aquas,

165 725 266 762 vidit
286 728 326 761 in
350 725 554 761 Herculeo
575 738 766 774 suspensa
785 724 947 761 monilia
968 724 1069 761 collo

218 779 298 825 illo,
320 782 382 816 cui
404 779 558 816 caelum
579 782 730 815 sarcina
751 792 868 828 parva
889 778 975 815 fuit.

164 847 245 869 non
266 833 410 882 puduit
430 833 544 870 fortis
563 847 658 870 auro
679 833 865 870 cohibere
886 832 1069 878 lacertos,

218 893 260 924 et
281 887 414 924 solidis
434 901 613 937 gemmas
633 890 862 936 opposuisse
883 889 979 923 toris
997 887 1010 922 ?
1316 884 1365 922 60

164 955 310 991 nempe
332 943 404 978 sub
426 942 485 978 his
506 944 679 977 animam
699 944 823 991 pestis
845 941 1047 978 Nemeaea
1067 940 1226 976 lacertis

218 996 359 1042 edidit,
380 996 486 1032 unde
508 1009 667 1032 umerus
687 998 867 1044 tegmina
886 995 1022 1031 laevus
1041 994 1164 1031 habet
1183 994 1189 1030 l

163 1063 279 1086 ausus
302 1063 343 1086 es
363 1050 537 1087 hirsutos
557 1053 675 1086 mitra
695 1049 882 1086 redimire
912 1048 1096 1098 capillos!

216 1107 346 1153 aptior
368 1104 596 1140 Herculeae
617 1103 787 1153 populus
807 1103 896 1140 alba
917 1116 1064 1139 comae.

165 1172 239 1194 nec
260 1164 302 1195 te
324 1158 510 1195 Maeonia
530 1158 697 1195 lascivae
718 1171 828 1195 more
851 1157 1008 1207 puellae
1316 1155 1364 1192 65

219 1215 371 1262 incingi
392 1226 490 1249 zona
510 1212 745 1249 dedecuisse
766 1212 894 1261 pudet
910 1211 951 1247 ?1

160 1279 241 1303 non
261 1268 335 1303 tibi
356 1269 550 1303 succurrit
571 1266 682 1303 crudi
705 1266 911 1302 Diomedis
932 1268 1076 1314 imago,

214 1321 356 1358 efferus
377 1321 551 1358 humana
571 1323 639 1370 qui
661 1320 763 1370 dape
784 1323 894 1370 pavit
915 1332 1036 1369 equas
1054 1320 1067 1355 ?

159 1377 191 1412 si
212 1380 253 1412 te
276 1375 440 1412 vidisset
460 1375 571 1412 cultu
593 1375 742 1412 Busiris
763 1377 804 1410 in
824 1377 914 1419 isto,

214 1429 306 1466 huic
328 1432 453 1466 victor
474 1432 579 1465 victo
592 1429 606 1452 2
627 1442 773 1478 nempe
795 1427 1008 1478 pudendus
1029 1440 1126 1463 eras.
1315 1425 1365 1463 70

159 1483 347 1520 detrahat
369 1484 550 1520 Antaeus
571 1483 670 1519 duro
690 1482 924 1519 redimicula
944 1481 1058 1527 collo,

213 1550 264 1574 ne
286 1540 423 1586 pigeat
441 1537 551 1573 molli
572 1538 826 1573 succubuisse
846 1539 938 1572 viro.

161 1591 274 1628 Inter
295 1591 473 1628 Ioniacas
493 1591 696 1627 calathum
715 1593 893 1627 tenuisse
914 1590 1067 1639 puellas

213 1646 357 1682 diceris
378 1651 420 1682 et
442 1645 628 1682 dominae
648 1648 902 1694 pertimuisse
923 1647 1060 1680 minas.

203 1715 213 1734 ¹
237 1715 348 1757 pudet
366 1716 399 1746 P
411 1715 439 1746 G
451 1730 473 1746 ω
489 1729 495 1747 :
521 1719 626 1756 putas
645 1728 658 1746 s
677 1715 814 1746 Barna:
832 1717 936 1755 putes
950 1713 1129 1745 Leidensis
1145 1725 1152 1745 :
1170 1716 1271 1755 patet
1282 1713 1348 1745 Pa.

201 1758 214 1777 2
238 1759 306 1790 Hic
318 1758 360 1799 sss
372 1759 484 1790 victor
501 1760 595 1789 victo
610 1759 663 1796 P;
689 1758 769 1789 huic
784 1770 827 1788 w:
854 1758 979 1789 victori
992 1757 1086 1788 victo
1103 1781 1110 1788 .
1132 1781 1138 1788 .
1161 1782 1167 1788 .
1189 1761 1265 1788 erat
1284 1757 1348 1788 Pa.

160 1829 165 1839 '
202 1842 218 1856 ‘²
242 1837 354 1867 There
386 1847 475 1867 were
506 1836 587 1878 fifty
616 1836 652 1867 of
680 1836 786 1874 them,
820 1835 889 1866 and
920 1835 1014 1866 their
1045 1834 1162 1866 father
1193 1835 1364 1876 Thespius

159 1879 293 1911 wished
310 1880 363 1910 for
380 1879 460 1921 fifty
474 1879 745 1921 grandchildren
763 1879 808 1920 by
827 1879 1006 1910 Hercules.

201 1924 214 1943 ὁ
238 1923 408 1954 Hercules
425 1934 495 1954 was
519 1923 579 1954 the
596 1923 692 1954 lover
715 1923 752 1954 of
775 1922 955 1964 Omphale,
974 1933 1013 1953 or
1029 1921 1189 1953 Iardanis
1206 1924 1250 1960 (v.
1275 1922 1360 1960 103),

158 1978 271 2008 queen
288 1967 323 1998 of
340 1966 464 2008 Lydia,
485 1966 560 1997 sold
578 1970 614 1998 to
632 1966 693 1997 her
710 1966 756 2007 by
774 1966 921 1997 Hermes
939 1976 975 1997 as
992 1977 1012 1996 a
1029 1965 1133 1997 slave.

164 2060 235 2083 112
