1409 2282
651 61 790 98 OVID

119 170 166 202 ut
194 170 235 202 te
265 178 347 202 non
367 171 560 215 poteram,
582 171 763 215 poteram
784 172 853 203 tua
873 167 960 204 vela
980 167 1129 214 videre,

173 225 261 262 vela
281 225 349 262 diu
369 226 503 262 vultus
523 226 735 263 detinuere
755 240 875 264 meos.
1273 228 1323 265 20

120 290 163 322 at
184 291 395 335 postquam
416 299 491 322 nec
512 291 553 323 te
575 300 649 323 nec
671 287 758 323 vela
778 286 935 336 fugacia
955 288 1047 333 vidi,

174 351 216 382 et
237 346 343 396 quod
365 351 589 395 spectarem
613 346 669 382 nil
690 350 765 383 nisi
786 353 932 396 pontus
954 353 1052 393 erat,

118 406 186 442 lux
243 419 401 455 quoque
460 411 595 443 tecum
653 407 763 452 abiit,
811 408 1070 457 tenebrisque
1132 410 1324 457 exanguis

227 467 376 502 obortis

173 526 361 563 succiduo
380 526 490 562 dicor
510 527 765 575 procubuisse
787 540 905 576 genu.

118 589 181 623 vix
203 599 314 622 socer
335 586 524 635 Iphiclus,
546 589 609 622 vix
630 600 694 623 me
716 587 965 636 grandaevus
986 587 1168 633 Acastus,
1273 589 1294 624 2

172 649 236 682 vix
257 651 386 682 mater
406 647 540 695 gelida
560 652 711 683 maesta
732 646 874 684 refecit
894 661 995 697 aqua
1012 661 1020 691 ;

119 706 289 742 officium
309 705 441 742 fecere
464 709 586 755 pium,
608 706 678 743 sed
699 706 841 743 inutile
872 708 995 744 nobis.

172 766 360 815 indignor
379 770 546 803 miserae
568 780 649 803 non
669 767 825 804 licuisse
845 770 945 803 mori
961 768 968 804 I

122 827 178 863 Ut
198 827 319 863 rediit
339 830 505 872 animus,
527 830 677 876 pariter
696 827 852 864 rediere
873 827 1040 865 dolores.

172 892 336 936 pectora
355 887 560 937 legitimus
580 893 687 924 casta
707 888 921 924 momordit
941 901 1061 925 amor.
1272 889 1322 926 30

118 960 192 983 nec
212 947 309 983 mihi
330 947 551 996 pectendos
571 961 663 984 cura
683 953 744 984 est
763 948 955 997 praebere
976 948 1150 998 capillos,

173 1020 249 1043 nec
270 1007 371 1044 libet
391 1013 528 1044 aurata
549 1021 711 1057 corpora
732 1013 843 1044 veste
865 1011 960 1058 tegi.

119 1072 164 1104 ut
184 1081 280 1117 quas
301 1071 513 1117 pampinea
533 1070 715 1117 tetigisse
737 1068 970 1117 Bicorniger
989 1068 1114 1115 hasta,

173 1127 361 1173 creditur,
383 1127 461 1164 huc
481 1128 588 1173 illuc,
610 1141 687 1177 qua
708 1127 816 1164 furor
837 1130 934 1177 egit,
957 1142 1014 1166 eo.

118 1191 364 1225 conveniunt
384 1193 531 1224 matres
554 1187 814 1237 Phylaceides
828 1189 840 1211 1
863 1193 904 1224 et
924 1188 1022 1224 mihi
1042 1188 1216 1225 clamant
1233 1201 1241 1225 :
1273 1189 1321 1225 35

174 1252 198 1269 ‘⁶
215 1248 343 1285 Indue
364 1248 531 1297 regales,
554 1247 782 1291 Laudamia,
804 1251 912 1285 sinus
928 1249 934 1284 !
950 1248 972 1260 '²

121 1308 274 1345 scilicet
293 1312 378 1358 ipsa
397 1322 533 1358 geram
554 1313 749 1344 saturatas
768 1311 918 1344 murice
940 1313 1085 1354 vestes,

173 1368 279 1405 bella
299 1369 372 1405 sub
393 1368 522 1405 Iliacis
542 1368 751 1405 moenibus
772 1368 839 1404 ille
861 1370 1005 1417 geret?

118 1431 204 1478 ipsa
225 1442 355 1465 comas
376 1434 526 1478 pectar,
548 1429 661 1478 galea
685 1433 805 1477 caput
825 1428 892 1465 ille
913 1430 1148 1477 premetur?

172 1492 256 1538 ipsa
275 1502 395 1525 novas
416 1494 559 1534 vestes,
581 1488 679 1525 dura
698 1491 756 1524 vir
775 1501 882 1524 arma
902 1488 1007 1525 feret
1023 1490 1037 1525 Ρ
1272 1489 1322 1526 40

120 1562 198 1598 qua
214 1549 228 1572 2
248 1562 421 1598 possum,
444 1548 625 1598 squalore
646 1553 735 1584 tuos
756 1551 911 1584 imitata
931 1548 1085 1585 labores

172 1608 292 1653 dicar,
315 1614 357 1645 et
376 1609 475 1645 haec
496 1608 591 1645 belli
612 1613 792 1657 tempora
813 1611 937 1645 tristis
957 1622 1083 1657 agam.

122 1668 293 1719 Dyspari
316 1668 525 1714 Priamide,
547 1668 693 1705 damno
713 1668 883 1705 formose
904 1674 1077 1713 tuorum,

172 1734 256 1766 tani
277 1732 328 1766 sis
349 1729 473 1766 hostis
494 1732 612 1774 iners,
635 1742 753 1778 quam
773 1728 900 1765 malus
921 1728 1065 1778 hospes
1086 1730 1193 1766 eras!

1299 589 1321 624 01

161 1802 173 1822 ¹
196 1802 420 1844 phylaceisles
467 1803 513 1844 P,
524 1817 545 1833 ω
562 1816 568 1834 ;
628 1801 812 1844 phyleides
850 1802 896 1843 P,
911 1815 918 1834 ε
977 1801 1175 1843 phylleides
1214 1802 1320 1834 Heia.

120 1846 262 1887 Phyllos
278 1857 347 1877 was
363 1857 386 1877 α
404 1846 473 1877 well
489 1846 606 1877 known
623 1851 708 1876 town.
726 1847 762 1876 in,
782 1845 954 1886 Thessaly.

162 1890 174 1908 2
199 1889 274 1928 Qua
294 1890 336 1931 P,
352 1904 358 1922 :
384 1900 453 1931 quo
471 1890 516 1931 P,
528 1904 561 1920 ω.

507 1970 522 1983 ‘¹
546 1963 619 1995 The
645 1963 786 1995 bacchio
812 1963 942 2005 frenzy.

125 2028 201 2064 160
