1409 2282
657 101 797 139 OVID

124 206 291 243 forsitan
313 212 355 243 et
376 206 489 256 pulsa
511 206 701 244 Aetolide
724 207 914 244 Deianira

177 263 340 298 nomine
361 261 544 310 deposito
565 261 727 310 paelicis
748 275 848 298 uxor
869 264 959 307 erit,

124 314 420 365 Eurytidosque
442 315 545 352 Ioles
566 321 688 366 atque
709 316 830 352 Aonii
845 316 857 339 1
879 316 1047 353 Alcidae

176 372 309 418 turpia
328 369 502 406 famosus
524 383 685 419 corpora
707 372 850 419 iunget
873 370 1049 420 Hymen.

121 437 235 460 mens
251 423 357 473 fugit
370 423 591 469 admonitu,
605 424 810 474 frigusque
824 424 1076 473 perambulat
1092 430 1214 471 artus,
1250 426 1325 462 135

177 483 220 514 et
238 481 343 515 iacet
363 481 405 514 in
425 481 578 528 gremio
598 478 789 527 languida
809 478 915 515 facta
934 492 1086 516 manus.

123 532 192 569 Me
213 545 371 582 quoque
394 546 484 569 cum
503 533 654 578 multis,
677 532 748 569 sed
768 546 833 569 me
854 536 940 569 sine
962 536 1128 570 crimine
1150 537 1304 571 amasti.

176 600 227 623 ne
255 590 406 636 pigeat,
427 600 587 636 pugnae
609 587 668 623 bis
689 587 764 623 tibi
785 600 904 624 causa
924 587 996 623 fui.

122 654 269 677 cornua
289 641 387 678 flens
407 641 509 690 legit
529 643 623 690 ripis
643 640 847 678 'Achelous
868 644 909 677 in
930 641 1018 678 udis

175 701 398 745 truncaque
418 695 558 732 limosa
578 701 762 744 tempora
781 698 924 732 mersit
944 709 1047 745 aqua
1064 709 1072 739 ;
1248 697 1324 734 140

122 752 281 786 semivir
301 751 489 786 occubuit
509 753 551 786 in
571 749 732 786 lotifero
754 750 894 786 Eueno
908 750 922 773 2

177 803 340 848 Nessus,
362 809 404 840 et
423 803 565 841 infecit
586 807 747 853 sanguis
770 807 938 854 equinus
960 817 1090 854 aquas.

121 857 193 895 sed
213 857 310 908 quid
331 871 406 908 ego
427 858 525 895 haec
546 858 706 895 refero?
763 859 955 895 scribenti
976 861 1120 895 nuntia
1139 862 1252 896 venit

175 912 293 957 fama,
314 915 442 949 virum
463 916 625 950 tunicae
647 913 741 949 tabe
762 915 893 961 perire
914 925 1039 949 meae.

121 969 158 1003 ei
192 967 291 1003 mihi
308 969 314 1004 Σ
356 967 451 1017 quid
484 967 591 1005 feci?
631 980 709 1017 quo
746 980 812 1004 me
847 966 957 1004 furor
988 971 1073 1017 egit
1104 981 1239 1004 anian-

226 1027 311 1058 tem
327 1023 341 1058 ?
1249 1023 1322 1059 145

173 1078 282 1125 inpia
302 1075 398 1126 quid
419 1075 578 1112 dubitas
601 1075 789 1112 Deianira
809 1076 939 1111 mori?

119 1130 185 1166 An
205 1135 297 1167 tuus
318 1133 359 1166 in
379 1130 512 1167 media
532 1132 705 1167 coniunx
725 1129 965 1166 lacerabitur
985 1130 1104 1176 Oeta,

173 1189 218 1221 tu
239 1184 398 1221 sceleris
419 1187 524 1221 tanti
545 1197 660 1221 causa
681 1189 883 1233 superstes
906 1185 1010 1221 eris?

120 1239 252 1289 siquid
272 1238 404 1275 adhuc
425 1238 554 1275 habeo
574 1238 684 1284 facti,
707 1251 776 1275 cur
798 1238 987 1276 Herculis
1007 1252 1107 1275 uxor

174 1293 326 1339 credar,
348 1296 524 1342 coniugii
545 1306 651 1329 mors
672 1305 762 1329 mea
784 1295 929 1342 pignus
952 1293 1051 1330 erit!
1249 1294 1325 1331 150

119 1353 164 1384 tu
186 1360 344 1398 quoque
366 1360 582 1397 cognosces
602 1350 643 1383 in
664 1360 742 1392 me,
764 1346 984 1396 Meleagre‚
1005 1347 1205 1384 sororem!

175 1404 285 1451 inpia
306 1401 402 1451 quid
423 1401 583 1438 dubitas
606 1401 797 1438 Deianira
815 1403 944 1438 mori?

121 1456 217 1493 Heu
238 1456 384 1493 devota
404 1456 544 1492 domus
561 1456 567 1492 !
626 1455 723 1492 solio
743 1455 860 1492 sedet
880 1455 1024 1505 Agrios
1045 1455 1126 1492 alto
1145 1469 1153 1500 ;

175 1510 317 1548 Oenea
336 1510 542 1547 desertum
562 1510 671 1547 nuda
690 1515 853 1546 senecta
875 1512 1032 1558 premit.

121 1564 258 1602 exulat
278 1567 427 1614 ignotis
454 1564 616 1614 Tydeus
638 1577 853 1613 germanus
875 1567 916 1600 in
938 1567 1014 1600 oris
1034 1577 1042 1608 ;
1249 1565 1323 1601 155

175 1618 277 1656 alter
296 1617 408 1655 fatali
428 1621 539 1655 vivus
559 1621 601 1655 in
621 1621 715 1668 igne
736 1618 837 1662 fuit3

163 1689 174 1709 1
199 1693 305 1731 atque
322 1690 428 1720 Aonii
446 1689 542 1721 Bent.
567 1689 692 1720 Mer-kz:
719 1694 754 1720 et
772 1689 900 1719 insanii
917 1688 970 1720 P:
997 1688 1110 1720 insani
1130 1689 1167 1720 G.

163 1732 177 1752 2
199 1733 340 1765 lotifero
369 1733 482 1765 Boua:
508 1733 629 1764 Eueno
659 1732 776 1764 Heiw:
816 1731 1024 1773 letiferoque
1049 1743 1181 1763 veneno
1207 1732 1255 1764 G:
1288 1733 1323 1763 in

120 1776 262 1809 lorifero
279 1787 434 1808 eueneno
453 1777 562 1816 Gzzelj]
584 1777 604 1808 3
620 1789 626 1807 :
652 1777 688 1807 in
706 1775 845 1807 letifero
861 1776 982 1807 Eueno
994 1776 1098 1807 Hein.
1117 1776 1237 1808 Burm.
1253 1780 1310 1808 etc.

165 1855 179 1868 ‘²
204 1848 270 1880 His
287 1848 454 1889 poisoned
470 1847 575 1880 blood
596 1849 624 1880 is
641 1849 676 1879 in
700 1847 761 1879 the
778 1846 860 1878 robe
877 1846 937 1878 she
954 1847 1057 1878 sends
1074 1850 1112 1878 to
1137 1847 1317 1879 Hercules.

164 1893 176 1911 ὃ
200 1893 329 1934 Agrius
360 1891 467 1923 drove
493 1895 555 1923 out
583 1891 719 1924 Oeneus
748 1891 801 1922 his
831 1890 973 1922 brother
997 1891 1090 1922 after
1117 1891 1323 1932 Meleager's

120 1935 251 2020 defftllgy
268 1978 414 2017 Oeneus,
435 1978 489 2010 for
506 1979 644 2020 sla-ying
659 1989 679 2010 a
695 1978 850 2009 brother.

163 2024 179 2042 a
203 2023 379 2064 Meleager
402 2022 564 2064 perished
581 2022 682 2053 when
707 2022 760 2053 his
786 2020 923 2052 mother
948 2020 1090 2060 Althea,
1109 2021 1144 2052 in
1172 2032 1321 2064 revenge

124 2070 197 2104 118
