1445 2297
670 64 810 103 OVID

131 170 213 207 Sed
231 175 370 208 tamen
389 170 597 208 interdurn
617 176 754 208 tecum
775 184 934 222 quoque
964 174 1092 221 iurgia
1113 177 1264 218 nectat,
1288 172 1339 209 35

185 240 228 271 et
248 234 412 271 simulet
431 235 613 272 lacrimas
633 234 942 285 carnificemque
963 240 1090 272 vocet.

129 302 174 334 tu
197 302 335 334 contra
356 298 519 343 obicies,
539 310 641 347 quae
662 303 753 335 tuto
773 297 903 335 diluat
923 297 991 334 illa
1009 311 1017 342 ;

184 363 226 396 in
246 374 387 397 verum
400 361 413 384 1
436 360 534 398 falso
555 363 722 398 crimine
744 361 862 398 deme
883 361 1016 398 fidem.

129 426 184 460 sic
205 424 280 460 tibi
300 437 460 474 semper
478 424 618 470 honos,
639 427 693 461 sic
713 424 795 461 alta
814 425 972 474 peculia
992 431 1188 463 crescent.

183 486 283 524 haec
304 486 379 533 fac,
400 489 442 523 in
462 489 609 537 exiguo
628 492 812 536 tempore
833 487 935 525 liber
956 491 1043 525 eris.
1292 490 1343 526 40

130 549 316 599 Adspicis
336 550 536 588 indicibus
556 564 680 587 nexas
700 564 773 600 per
792 550 893 587 colla
914 552 1105 587 catenas?

183 613 386 663 squalidus
407 614 502 650 orba
523 613 601 650 fide
620 619 784 663 pectora
805 627 940 650 carcer
958 613 1094 651 habet.

128 679 287 726 quaerit
307 689 429 726 aquas
450 679 491 713 in
512 679 624 726 aquis
646 682 688 713 et
709 690 826 726 poma
847 676 1004 727 fugacia
1025 682 1162 726 captat

182 739 510 776 Tantalus—hoc
531 739 588 776 illi
608 739 768 789 garrula
788 739 925 790 lingua
948 739 1074 777 dedit.

128 801 224 838 dum
246 804 416 838 nimium
437 807 569 838 servat
590 807 723 839 custos
747 802 940 839 Iunonius
963 802 1048 847 Ion,
1289 803 1339 839 45

168 856 277 901 vante
299 878 389 901 suos
411 878 536 902 annos
557 865 730 909 occidit;
761 865 828 901 illa
849 865 924 901 dea
954 870 1016 902 est
1035 866 1042 901 1

128 926 208 963 vidi
230 940 307 977 ego
327 927 576 977 conpedibus
597 928 765 965 liventia
785 941 899 965 crura
919 933 1145 977 gerentem,

181 990 290 1027 unde
311 993 370 1026 vir
391 993 590 1028 incestum
613 994 712 1028 scire
734 996 894 1028 coactus
915 996 1012 1028 erat.

126 1066 257 1103 poena
277 1057 407 1091 minor
427 1057 582 1091 merito.
616 1057 754 1091 nocuit
774 1053 878 1090 mala
898 1053 1036 1104 lingua
1057 1053 1213 1091 duobus
1233 1067 1241 1098 ;

180 1119 240 1153 vir
259 1116 401 1162 doluit,
423 1116 553 1153 famae
574 1116 720 1153 damna
740 1116 875 1166 puella
904 1116 1010 1153 tulit.
1289 1117 1339 1154 50

126 1178 247 1215 crede
268 1178 380 1225 mihi,
403 1179 504 1215 nulli
525 1185 620 1216 sunt
641 1182 808 1216 crimina
827 1184 942 1228 grata
962 1181 1120 1224 marito,

179 1255 255 1279 nec
276 1256 531 1292 quemquam,
553 1245 733 1293 quamvis
754 1242 904 1288 audiat,
924 1241 992 1278 illa
1009 1244 1159 1279 iuvant.

125 1318 195 1342 seu
217 1311 348 1355 tepet,
369 1305 563 1342 indicium
585 1319 743 1343 securas
763 1305 898 1354 prodis
911 1304 926 1328 2
945 1304 996 1341 ad
1016 1318 1156 1350 aures;

179 1371 262 1405 sive
283 1374 405 1414 amat,
428 1369 554 1406 officio
576 1369 620 1405 fit
640 1371 761 1405 miser
782 1368 849 1405 ille
871 1373 954 1404 tuo.

124 1429 251 1478 Culpa
270 1443 346 1466 nec
367 1443 415 1466 ex
437 1429 544 1466 facili
564 1433 744 1480 quamvis
763 1429 977 1466 manifesta
997 1429 1215 1479 probatur3
1281 1430 1336 1466 55

178 1489 320 1526 iudicis
341 1489 408 1525 illa
429 1493 488 1526 sui
509 1495 600 1526 tuta
619 1489 755 1527 favore
776 1493 898 1527 venit.

124 1549 270 1586 viderit
290 1552 376 1598 ipse
396 1549 506 1595 licet,
528 1550 669 1586 credet
688 1555 826 1587 tamen
847 1549 915 1586 ille
936 1552 1104 1599 neganti

178 1609 469 1659 damnabitque
491 1609 625 1646 oculos
648 1615 690 1646 et
709 1610 783 1646 sibi
805 1610 925 1645 verba
947 1609 1071 1646 dabit.

123 1669 320 1719 adspiciat
340 1669 527 1706 dominae
548 1669 744 1715 lacrimas,
763 1669 936 1719 plorabit
957 1674 999 1706 et
1019 1672 1118 1718 ipse,

178 1734 220 1766 et
240 1729 350 1766 dicet
367 1743 374 1766 2
403 1733 428 1750 “
445 1742 595 1779 poenas
615 1729 796 1779 garrulus
817 1732 893 1766 iste
914 1729 1027 1766 dabit
1043 1730 1050 1766 l
1066 1729 1085 1740 ”
1284 1730 1334 1767 60

122 1789 220 1839 quid
241 1789 374 1838 dispar
395 1795 602 1826 certamen
623 1791 727 1826 inis?
756 1790 830 1826 tibi
852 1790 1018 1826 verbera
1039 1792 1144 1826 victo

177 1848 338 1895 adsunt,
360 1852 400 1885 in
422 1852 576 1899 gremio
596 1849 738 1886 iudicis
759 1849 826 1885 illa
847 1849 972 1886 sedet.

385 1924 395 1944 ¹
422 1926 458 1956 in
487 1936 609 1957 verum
638 1926 712 1958 Ps:
738 1926 773 1957 in
801 1936 883 1957 vero
911 1925 958 1966 Ρ2
976 1939 1013 1966 52.

385 1968 398 1987 ²
420 1969 542 2011 prodis
559 1970 612 2001 P:
639 1969 757 2011 perdis
776 1970 862 2009 vuly.

122 2039 199 2086 386
