1445 2297
684 104 824 141 OVID

151 215 193 246 at
214 208 347 246 fuerat
367 209 523 254 melius,
545 212 576 246 si
597 214 639 246 te
659 222 760 259 puer
779 212 855 246 iste
876 210 1057 254 tenebat,
1282 210 1356 246 125

206 283 326 319 quem
347 275 391 306 tu
414 272 548 306 nescio
569 282 666 319 quas
687 269 785 305 dicis
806 268 954 305 habere
975 268 1112 314 faces,1

150 343 261 366 more
282 330 396 366 bonis
418 329 534 366 solito
555 343 665 378 spen]
688 342 769 365 non
790 342 1044 378 corrumpere
1066 328 1205 365 fraude
1222 341 1230 373 3

206 389 406 426 exoranda
426 390 513 435 tibi,
535 403 616 425 non
637 389 832 439 capienda
852 388 908 425 fui
926 389 932 425 l

152 450 242 495 Cur,
264 463 328 486 me
351 463 439 486 cun]
461 455 635 499 peteres,
657 463 703 486 ea
724 463 805 485 non
825 449 1050 499 profitenda
1070 450 1251 499 putabas,

206 515 371 559 propter
391 524 492 560 quae
514 511 628 547 nobis
648 513 732 560 ipse
754 510 956 559 petendus
977 512 1089 547 eras?
1284 510 1358 547 130

152 583 296 620 cogere
319 584 388 607 cur
409 573 542 620 potius
563 584 682 620 quam
702 571 943 620 persuadere
965 570 1137 616 volebas,

207 634 238 667 Si
259 636 441 680 poteram
463 631 600 668 audita
622 631 856 668 condicione
879 634 993 681 capi?

153 691 249 741 quid
270 692 344 728 tibi
365 705 472 728 nunc
494 692 659 740 prodest
679 692 836 728 iurandi
856 692 1026 728 formula
1046 695 1140 729 iuris

207 751 424 801 linguaque
445 757 701 801 praesentem
722 752 936 789 testificata
956 752 1102 788 deam?

152 825 254 861 quae
276 815 392 857 iurat,
414 825 528 849 mens
550 817 621 848 est.
681 812 736 848 nil
759 815 1051 849 coniuravimus
1072 812 1138 848 illa
1157 825 1165 855 ;
1281 813 1354 848 135

206 872 274 908 illa
295 872 415 908 fidem
436 872 554 909 dictis
574 872 724 909 addere
746 873 827 909 sola
847 878 992 922 potest.

152 932 361 969 consilium
382 933 639 983 prudensque
660 935 781 968 animi
803 935 1005 969 sententia
1025 935 1141 977 iurat,

208 998 249 1029 et
270 995 344 1029 nisi
366 993 501 1030 iudicii
522 993 679 1029 vincula
700 993 809 1029 nulla
830 993 976 1030 valent.

153 1055 183 1089 si
205 1053 279 1089 tibi
300 1055 530 1102 coniugium
552 1052 657 1089 volui
677 1056 914 1102 promittere
936 1059 1130 1099 nostrum,

208 1116 324 1162 exige
346 1113 513 1162 polliciti
534 1113 671 1149 debita
692 1116 776 1150 iura
796 1116 871 1150 tori
891 1126 899 1158 3
1284 1112 1359 1148 140

154 1173 224 1209 sed
245 1176 275 1209 si
298 1173 353 1209 nil
374 1173 559 1210 dedimus
580 1179 741 1223 praeter
761 1176 845 1210 sine
867 1178 1031 1223 pectore
1053 1186 1204 1218 vocem,

208 1234 328 1270 verba
349 1236 427 1270 suis
448 1233 595 1270 frustra
616 1234 763 1270 viribus
784 1234 879 1270 orba
899 1239 1026 1270 tenes.

154 1307 234 1329 non
256 1307 331 1343 ego
352 1294 615 1343 iuravi—legi
635 1296 807 1330 iurantia
827 1295 971 1338 verba3

169 1382 172 1384 v
207 1357 266 1390 vir
286 1354 384 1390 mihi
405 1367 486 1390 non
506 1357 583 1391 isto
604 1368 713 1391 more
734 1354 933 1403 legendus
957 1367 1054 1391 eras.

153 1414 295 1463 decipe
318 1417 372 1451 sic
392 1414 733 1451 alias—succedat
754 1414 925 1463 epistula
945 1414 1086 1463 pomo!
1285 1414 1358 1449 1-’15

208 1477 239 1511 si
259 1474 367 1511 valet
388 1473 475 1520 hoc,
496 1488 662 1523 magnas
683 1474 834 1511 ditibus
848 1474 862 1497 2
882 1474 995 1511 aufer
1015 1487 1111 1523 opes
1130 1486 1138 1518 3

153 1534 215 1571 fac
236 1538 371 1571 iurent
393 1548 508 1584 reges
529 1548 598 1571 sua
619 1548 660 1571 se
681 1535 755 1571 tibi
777 1548 901 1583 regna
922 1534 1097 1578 daturos,

208 1597 339 1644 sitque
360 1600 475 1631 tuum
496 1600 583 1631 toto
604 1594 799 1644 quidquid
820 1597 861 1630 in
882 1595 977 1631 orbe
999 1594 1132 1643 placet
1155 1595 1161 1630 !

155 1657 280 1691 maior
301 1668 342 1691 es
363 1654 439 1691 hoc
460 1658 542 1704 ipsa
564 1654 704 1700 multo,
726 1654 824 1690 1111111
846 1654 977 1699 crede,
1002 1654 1143 1699 Diana,

209 1718 240 1752 si
260 1720 330 1752 tua
349 1720 433 1752 tam
454 1727 642 1764 praesens
662 1714 799 1751 littera
820 1728 970 1751 numen
992 1714 1125 1751 habet.
1284 1714 1359 1751 150

155 1770 255 1806 Cum
275 1775 413 1806 tamen
434 1769 532 1806 haec.
553 1769 647 1815 dixi,
670 1783 760 1805 cum
780 1782 845 1805 me
866 1770 940 1805 tibi
962 1769 1072 1804 firma
1092 1771 1249 1818 negavi,

208 1838 299 1860 cum
320 1825 424 1860 bene
445 1827 627 1873 promissi
648 1837 764 1860 causa
784 1829 946 1872 peracta
966 1826 1045 1859 mei
1067 1829 1140 1869 est,

154 1878 358 1923 confiteor,
380 1881 504 1915 timeo
525 1891 664 1914 saevae
687 1878 876 1914 Latoidos
896 1880 994 1913 iram

209 1938 251 1969 et
271 1946 413 1982 corpus
434 1932 538 1969 laedi
560 1935 737 1982 suspicor
757 1932 851 1968 inde
871 1946 1017 1968 meum.

215 2017 225 2036 1
251 2018 344 2049 vices
361 2017 502 2058 Dilchey
518 2017 613 2049 Ehw.
714 2016 728 2035 2
750 2016 885 2048 ditibus
903 2016 1022 2048 IIezhm
1049 2016 1171 2047 divitis
1188 2016 1293 2047 MSS.

156 2093 230 2127 302
