1445 2297
704 70 844 108 OVID

173 192 266 215 nam
288 191 424 228 quare,
445 180 632 227 quotiens
653 176 811 213 socialia
831 189 939 213 sacra
959 181 1162 225 parantur,

227 250 427 294 nupturae
447 246 599 280 totiens
618 243 809 292 languida
828 243 1009 279 membra
1029 241 1179 278 cadunt
1195 241 1209 277 ?

172 316 236 347 ter
255 310 353 346 mihi
374 312 453 346 iam
473 312 639 346 veniens
660 311 807 358 positas
831 309 1093 358 Hymenaeus
1113 307 1164 344 ad
1184 320 1270 343 aras

227 375 345 425 fugit,
368 381 410 412 et
430 389 451 411 a
472 375 638 412 thalami
658 375 797 411 limine
818 379 933 423 terga
953 373 1080 418 dedit,

173 445 319 491 vixque
340 455 460 478 manu
481 444 595 490 pigra
614 443 766 477 totiens
786 438 917 476 infusa
936 443 1153 488 resurgunt

227 507 392 552 lumina,
414 509 479 542 vix
498 511 609 542 moto
631 508 794 555 corripit
814 508 908 555 igne
928 504 1046 541 faces.

174 583 293 619 saepe
315 572 513 606 coronatis
534 568 689 606 stillant
709 573 917 618 unguenta
939 567 1091 617 capillis

229 638 271 669 et
291 632 465 669 trahitur
484 632 613 669 multo
635 631 846 681 splendida
866 630 970 680 palla
991 643 1116 666 croco.

175 709 265 732 cum
286 698 425 744 tetigit
445 695 582 740 limen,
603 695 784 731 lacrimas
803 696 1023 743 mortisque
1044 696 1230 730 timorem

229 762 358 795 cernit
380 764 422 795 et
441 772 463 794 a
484 758 595 795 cultu
616 757 744 794 multa
764 762 918 793 remota
939 770 1021 802 suo,

174 824 318 870 proicit
338 824 423 870 ipse
445 835 513 858 sua
534 820 729 857 deductas
750 819 883 856 fronte
905 833 1081 864 coronas,

229 887 432 934 spissaque
454 883 504 920 de
526 883 664 920 nitidis
684 885 809 932 tergit
829 895 984 918 amoma
1005 883 1126 918 comis
1145 893 1153 924 ;

176 953 217 985 et
238 947 366 997 pudet
387 949 428 982 in
448 949 554 983 tristi
574 946 726 983 laetum
748 958 988 994 consurgere
1009 945 1139 988 turba,

229 1013 377 1060 quique
398 1014 485 1046 erat
505 1012 546 1045 in
566 1008 684 1059 palla,
705 1011 851 1045 transit
871 1010 911 1043 in
933 1020 1001 1043 ora
1020 1005 1169 1043 rubor.1

176 1073 232 1110 At
252 1072 363 1118 mihi,
385 1086 456 1109 vae
486 1075 654 1109 miserae
672 1073 679 1108 ἔ
700 1076 906 1108 torrentur
926 1070 1104 1107 febribus
1123 1073 1233 1105 artus

231 1141 273 1173 et
293 1138 451 1186 gravius
471 1138 575 1173 iusto
596 1135 715 1185 pallia
736 1134 893 1184 pondus
913 1133 1078 1178 habent,

175 1205 391 1249 nostraque
412 1199 616 1248 plorantes
637 1198 754 1235 video
775 1211 893 1247 super
914 1210 980 1233 ora
1000 1201 1201 1246 parentes,

231 1268 273 1300 et
294 1263 380 1299 face
402 1276 473 1312 pro
493 1262 660 1299 thalami
681 1262 747 1298 fax
766 1261 866 1298 mihi
885 1263 1024 1297 mortis
1045 1259 1170 1296 adest.

178 1339 297 1375 parce
318 1326 528 1371 laboranti,
550 1328 658 1375 picta
678 1325 754 1361 dea
774 1324 879 1361 laeta
900 1323 1101 1373 pharetra,

230 1389 361 1439 daque
383 1388 629 1425 salutiferam
650 1391 728 1424 iani
748 1387 847 1423 mihi
867 1386 1000 1423 fratris
1020 1399 1148 1435 opem.

178 1457 297 1501 turpe
318 1453 392 1489 tibi
414 1457 486 1497 est,
508 1451 622 1488 illum
643 1464 779 1488 causas
799 1449 1004 1499 depellere
1024 1449 1109 1495 leti,

230 1521 272 1552 te
295 1520 433 1551 contra
455 1514 620 1551 titulum
640 1516 780 1550 mortis
800 1513 949 1550 habere
970 1525 1094 1548 meae.

177 1578 387 1628 numquid,
410 1580 451 1613 in
471 1578 657 1614 umbroso
678 1590 769 1613 cum
789 1575 914 1612 velles
934 1575 1047 1612 fonte
1067 1574 1201 1620 lavari,

231 1641 452 1690 inprudens
472 1640 607 1677 vultus
627 1639 677 1676 ad
697 1645 767 1676 tua
788 1639 897 1675 labra
918 1637 993 1675 tuli
1012 1639 1026 1673 ?

177 1706 421 1753 praeteriine
442 1709 531 1740 tuas
552 1703 602 1739 de
622 1708 685 1739 tot
705 1701 945 1739 caelestibus
964 1714 1062 1746 aras,

231 1779 333 1816 aque
354 1771 424 1803 tua
445 1771 507 1802 est
527 1770 662 1802 nostra
683 1770 816 1815 spreta
836 1768 1005 1814 parente
1026 1763 1200 1812 parens?

526 1844 536 1864 ¹
563 1846 633 1885 167,
657 1846 717 1876 168
735 1844 844 1885 before
863 1844 924 1875 165
942 1842 1052 1874 Merlc.

1302 174 1376 211 155

1303 502 1379 538 160

1307 1129 1382 1168 170

1307 1760 1382 1797 180

220 1946 234 1958 ‘¹
260 1940 291 1970 A
308 1939 483 1971 reference
501 1946 538 1971 to
555 1939 702 1977 Oeneus,
715 1939 832 1970 whose
848 1937 985 1980 neglect
1001 1936 1037 1968 of
1052 1936 1165 1968 Diana
1182 1935 1308 1967 caused
1322 1935 1382 1966 the

177 1984 316 2025 coming
332 1983 368 2014 of
383 1984 444 2015 the
461 1983 679 2025 Calydonian
694 1982 789 2014 boar.

181 2058 257 2092 304
