1409 2282
688 90 829 127 OVID

155 198 186 232 si
206 201 290 233 tam
311 201 444 233 certus
465 209 550 232 eras
571 195 665 232 hinc
686 198 756 241 ire,
775 195 996 233 modestius
1016 199 1125 242 isses,

210 261 252 293 et
265 256 278 280 1
300 256 418 292 modo
439 256 604 293 dixisses
626 260 651 277 “
665 255 784 292 Lesbi
806 255 952 305 puella,
973 256 1060 293 vale
1077 257 1084 292 l
1101 256 1122 268 ”
1285 257 1360 294 100

154 330 236 352 non
256 322 392 353 tecum
412 316 606 360 lacrimas,
628 329 708 352 non
729 316 861 353 oscula
883 322 1016 353 nostra
1036 316 1189 361 tulisti3

208 376 384 427 denique
406 390 487 412 non
506 379 636 422 timui,
658 376 765 426 quod
785 376 958 413 dolitura
979 376 1046 413 fui.

154 437 211 473 nil
231 437 282 474 de
303 443 345 474 te
366 450 524 474 mecum
546 442 607 473 est
628 439 703 473 nisi
722 442 883 473 tantum
903 439 1045 473 iniuria
1063 450 1071 481 3
1099 450 1173 474 nec
1193 442 1251 483 tu,

208 498 424 534 admoneat
444 497 551 547 quod
571 502 627 542 te,
648 499 794 546 pignus
813 500 984 534 amantis
1008 497 1142 534 habes.

154 571 235 594 non
254 558 444 594 mandata
459 557 568 603 dedi,
584 570 716 607 neque
733 560 841 594 enim
860 557 1051 594 mandata
1065 558 1266 595 dedissem
1284 558 1359 594 105

208 618 300 663 ulla,
322 621 397 654 nisi
418 623 463 654 ut
484 617 611 654 nolles
632 620 830 654 inmemor
850 631 936 654 esse
956 621 1047 655 mei.

153 691 226 728 per
245 679 444 728 tibi—qui
465 691 684 727 numquam
704 677 825 727 longe
846 678 1028 715 discedat
1047 679 1300 724 !-amorem‚

207 752 359 788 perque
380 751 525 774 novem
545 741 644 783 iuro,
665 741 830 774 numina
850 744 998 783 nostra,
1020 738 1129 783 deas,

154 812 245 835 cum
265 799 363 839 mihi
384 801 518 835 nescio
539 801 626 848 quis
647 802 672 819 “
686 798 849 847 fugiunt
868 804 938 835 tua
958 798 1103 848 gaudia
1117 798 1138 815 ''
1159 798 1273 844 dixit,

208 873 282 896 nec
303 872 367 895 me
388 859 483 895 flere
504 858 587 904 diu,
608 872 683 895 nec
704 861 881 908 potuisse
901 859 1009 909 loqui
1027 859 1034 895 1
1284 859 1359 896 110

156 925 197 956 et
218 919 404 956 lacrimae
426 919 596 955 deerant
616 919 741 956 oculis
762 924 804 956 et
825 920 945 956 verba
965 919 1112 969 palato,

207 980 444 1016 adstrictum
465 979 601 1028 gelido
622 978 770 1028 frigore
790 985 933 1029 pectus
954 984 1050 1016 erat.

154 1045 366 1090 postquam
388 1052 428 1076 se
450 1039 563 1076 dolor
582 1042 750 1085 invenit,
771 1053 846 1076 nec
867 1044 1030 1089 pectora
1051 1039 1187 1088 plangi

207 1113 283 1136 nec
304 1099 448 1149 puduit
469 1102 597 1136 scissis
619 1099 823 1136 exululare
845 1102 979 1144 comis,

153 1173 234 1196 non
255 1160 384 1205 aliter,
406 1173 525 1210 quam
545 1163 577 1196 si
597 1163 681 1196 nati
702 1162 767 1209 pia
786 1165 916 1197 mater
935 1160 1115 1209 adempti
1284 1159 1358 1195 115

207 1225 343 1269 portet
363 1220 414 1256 ad
434 1225 659 1256 exstructos
675 1233 816 1269 corpus
836 1223 956 1256 inane
976 1232 1103 1269 rogos.

152 1279 305 1328 gaudet
326 1285 368 1316 et
389 1293 410 1316 e
431 1285 567 1316 nostro
588 1282 731 1316 crescit
750 1293 929 1316 maerore
950 1279 1151 1316 Charaxus

207 1339 342 1385 frater,
366 1345 408 1376 et
427 1345 522 1376 ante
544 1340 678 1376 oculos
698 1342 810 1390 itque
831 1340 1016 1390 reditque
1036 1352 1160 1385 meos,

154 1405 279 1450 utque
301 1399 491 1449 pudenda
511 1403 591 1436 mei
612 1400 796 1437 videatur
815 1413 931 1437 causa
951 1399 1112 1446 doloris,

208 1464 232 1481 “
245 1460 341 1510 quid
362 1460 473 1497 dolet
493 1460 620 1497 haec?
651 1465 761 1497 certe
783 1460 860 1496 filia
880 1463 978 1496 vivit
996 1461 1002 1496 !
1020 1459 1041 1471 '’
1072 1462 1138 1496 ait.
1282 1459 1357 1496 120

152 1534 234 1556 non
248 1523 416 1557 veniunt
429 1523 470 1556 in
483 1521 590 1557 idem
604 1521 733 1570 pudor
744 1526 866 1570 atque
879 1533 998 1556 amor.
1032 1533 1150 1557 omne
1164 1519 1327 1556 videbat

206 1580 373 1629 vulgus3
403 1593 511 1616 eram
531 1580 662 1617 lacero
683 1586 823 1629 pectus
843 1585 983 1629 aperta
1003 1583 1102 1617 sinu.

152 1640 212 1676 Tu
228 1639 327 1675 mihi
343 1653 448 1685 cura,
467 1640 602 1676 Phaon
619 1653 627 1684 ;
646 1645 688 1676 te
705 1643 857 1676 somnia
872 1645 1007 1676 nostra
1022 1640 1277 1677 reducunt-—

206 1702 359 1736 somnia
378 1699 550 1736 formoso
570 1700 799 1736 candidiora
818 1700 895 1736 die.

152 1753 233 1790 illic
253 1759 294 1790 te
316 1757 488 1799 invenio,
509 1757 687 1804 quamvis
708 1755 937 1803 regionibus
957 1755 1060 1790 absis
1078 1767 1086 1798 ;
1281 1754 1355 1790 125

207 1808 277 1844 sed
298 1822 379 1844 non
398 1808 517 1857 longa
538 1811 632 1845 satis
653 1809 799 1857 gaudia
820 1822 982 1845 somnus
1002 1808 1126 1845 habet

151 1875 270 1911 saepe
291 1868 381 1898 tuos
401 1868 535 1898 nostra
556 1866 709 1899 cervice
730 1876 895 1899 onerare
916 1862 1098 1907 lacertos,

206 1929 325 1966 saepe
345 1922 439 1953 tuae
460 1916 597 1953 videor
617 1920 869 1966 supposuisse
888 1930 999 1953 meos
1017 1930 1026 1961 ;

391 1996 401 2016 ¹
426 2001 462 2029 et
479 1997 582 2029 modo
599 2012 621 2029 ω
637 2011 643 2030 :
669 2001 705 2029 et
722 1997 828 2029 michi
845 1997 879 2029 F
893 2010 900 2029 :
926 1998 953 2029 si
971 1997 1074 2029 modo
1088 2011 1113 2030 ς.

157 2060 230 2095 188
