1445 2297
703 90 842 129 OVID

167 211 257 235 cum
278 197 406 235 multa
425 197 651 243 abstuleris,
672 202 718 234 ut
738 210 819 234 non
840 202 976 234 tamen
998 199 1131 234 omnia
1150 196 1289 242 donet,

220 263 327 314 quod
348 276 567 313 numquam
587 263 744 309 reddas,
766 262 1008 308 commodet,
1028 265 1113 312 ipsa
1132 263 1250 312 roga!

165 330 303 380 lingua
323 333 434 367 iuvet
453 335 715 379 mentemque
735 328 1088 379 tegat—blandire
1109 341 1290 378 noceque
1308 341 1317 372 ;

219 399 328 445 inpia
348 397 421 433 sub
441 395 548 432 dulci
569 395 689 433 melle
710 408 867 432 venena
885 395 1027 432 latent.

167 462 283 499 Haec
303 465 335 499 si
355 465 602 512 praestiteris
624 476 695 499 usu
716 462 813 498 mihi
835 465 996 512 cognita
1016 462 1149 511 longo,
1296 461 1371 498 105

220 542 295 565 nec
316 528 486 565 tulerint
506 542 622 565 voces
642 533 787 565 ventus
808 533 850 565 et
869 541 964 564 aura
983 540 1104 574 meas,

165 607 284 643 saepe
305 593 403 630 mihi
424 594 533 631 dices
553 596 665 630 vivae
685 594 804 639 bene,
825 606 943 642 saepe
964 594 1133 642 rogabis,

220 664 266 695 ut
285 673 375 696 mea
395 659 613 696 defunctae
634 659 810 696 molliter
830 672 917 695 ossa
937 658 1126 696 cubent.’'

167 724 253 761 Vox
274 730 361 761 erat
380 727 421 761 in
443 737 571 770 cursu,
593 738 683 761 cum
704 737 768 761 me
789 737 879 761 mea
899 724 1077 773 prodidit
1097 725 1249 771 umbra,

219 795 261 827 at
281 795 441 827 nostrae
462 793 526 826 vix
548 804 589 827 se
611 793 847 827 continuere
868 804 1021 836 manus,
1296 790 1371 827 110

166 858 263 906 quin
283 856 414 892 albam
434 869 642 906 raramque
664 870 818 892 comam
838 856 1124 906 lacrimosaque
1145 859 1236 893 vino

219 921 371 958 lumina
390 935 553 971 rugosas
573 922 925 972 distraherentque
946 935 1081 972 genas.

165 986 206 1023 di
227 987 300 1023 tibi
321 986 421 1023 dent
442 987 653 1037 nullosque
675 986 796 1024 Lares
817 990 1059 1037 inopemque
1081 993 1300 1034 senectam,

220 1058 262 1089 et
283 1052 422 1101 longas
443 1052 596 1090 hiemes
616 1058 936 1103 perpetuamque
957 1056 1064 1090 sitim
1081 1053 1087 1089 l

740 1208 798 1245 IX

166 1315 344 1351 MILITAT
364 1316 492 1351 omnis
511 1327 660 1360 amans,
683 1320 725 1351 et
744 1314 868 1351 habet
889 1327 957 1351 sua
977 1320 1104 1351 castra
1126 1315 1304 1365 Cupid03

222 1381 370 1426 Attice,
392 1380 511 1417 crede
532 1380 643 1426 mihi,
664 1380 813 1417 militat
833 1383 961 1417 omnis
981 1394 1128 1418 amans.

166 1459 267 1495 quae
288 1446 395 1483 bello
417 1451 478 1483 est
498 1446 654 1491 habilis,
675 1445 824 1482 Veneri
845 1459 1003 1496 quoque
1025 1449 1214 1483 convenit
1229 1451 1350 1483 aetas.

219 1517 338 1561 turpe
360 1525 482 1548 senex
503 1511 630 1557 miles,
652 1517 770 1561 turpe
792 1511 927 1548 senilis
947 1524 1066 1548 amor.

165 1590 263 1626 quos
284 1580 439 1626 petiere
460 1577 582 1614 duces
603 1579 756 1613 animos
772 1578 784 1600 ¹
807 1580 848 1613 in
869 1577 997 1614 milite
1018 1577 1126 1623 forti,
1347 1579 1369 1614 5

219 1642 291 1679 hos
312 1646 416 1692 petit
436 1645 477 1679 in
498 1645 604 1679 socio
624 1642 730 1679 bella
750 1642 884 1693 puella
904 1643 1018 1680 viro.2

166 1708 408 1757 pervigilant
427 1709 544 1745 ambo
560 1721 568 1753 ;
597 1713 705 1745 terra
725 1711 941 1758 requiescit
961 1714 1188 1758 uterque—

220 1773 288 1810 ille
309 1773 414 1810 fores
435 1774 621 1810 dominae
643 1779 787 1819 servat,
807 1779 849 1810 at
868 1773 935 1810 ille
957 1774 1078 1810 ducis.

166 1838 303 1875 militis
323 1839 494 1875 officium
513 1839 634 1889 longa
655 1844 716 1876 est
736 1842 822 1883 via;
850 1842 969 1876 mitte
990 1839 1178 1888 puellam,

218 1909 404 1941 strenuus
426 1910 615 1954 exempto
635 1904 712 1941 fine
734 1910 925 1955 sequetur
950 1918 1098 1942 amans.
1322 1905 1370 1942 10

383 1991 394 2011 ¹
419 1992 633 2032 Rautenberq
777 1992 791 2011 ²
814 1997 891 2024 toro
909 1993 1013 2024 Heiu.
1034 1993 1144 2024 Merk.

165 2065 242 2104 354
