1445 2297
706 96 846 135 OVID

172 205 246 240 ibit
267 206 306 239 in
328 203 514 240 adversos
534 209 693 240 montes
714 203 997 253 duplicataque
1026 205 1162 240 nimbo

225 266 399 312 flumina,
421 272 632 316 congestas
659 272 819 303 exteret
839 267 905 303 ille
927 270 1052 312 nives,

170 342 246 365 nec
267 328 370 366 freta
390 342 596 378 pressurus
617 329 792 365 tumidos
813 330 1039 366 causabitur
1058 333 1184 367 Euros

223 397 397 442 aptaque
418 391 624 428 verrendis
645 392 775 429 sidera
795 397 963 442 quaeret
982 395 1103 442 aquis.

169 458 256 505 quis
277 458 351 492 nisi
374 455 435 491 vel
456 455 571 491 miles
592 455 654 491 vel
675 468 811 492 amans
832 461 874 492 et
895 455 1042 505 frigora
1061 457 1190 492 noctis

224 524 265 555 et
287 518 412 555 denso
432 521 577 555 mixtas
615 517 795 567 perferet
815 519 942 555 imbre
963 521 1074 555 nives
1091 519 1105 554 ?

168 584 345 618 mittitur
364 580 532 618 infestos
552 581 655 618 alter
675 581 902 630 speculator
922 584 963 617 in
984 581 1119 618 hostes
1137 593 1146 624 ;

222 647 263 680 in
284 644 404 680 rivale
426 644 559 680 0611105
580 644 694 690 alter,
717 649 762 681 ut
782 644 912 687 hoste,
934 649 1060 681 tenet.

168 707 235 744 ille
255 720 396 756 graves
417 708 547 752 urbes,
570 707 633 743 hic
654 707 776 744 durae
797 707 921 743 limen
941 696 1101 743 amicae

223 770 405 813 obsidet3
434 769 499 806 1116
520 774 653 819 portas
674 769 837 819 frangit,
859 775 901 806 at
921 769 988 806 ille
1009 769 1124 806 fores.

168 832 296 882 Saepe
318 837 522 882 soporatos
543 832 732 869 invadere
753 832 903 882 profuit
923 832 1059 869 hostes
1138 827 1142 830 ’

221 896 389 932 caedere
411 901 453 932 et
473 901 624 932 armata
644 895 786 945 vulgus
807 898 961 932 inerme
981 909 1112 931 manu.

167 962 221 996 sic
242 958 325 995 fera
345 959 519 995 Threicii
540 958 775 995 ceciderunt
795 961 955 1008 agmina
978 957 1111 1003 Rhesi,

173 1011 211 1052 ἦ
221 1028 263 1059 et
283 1022 491 1058 dominum
511 1024 617 1071 capti
637 1021 870 1058 deseruistis
890 1024 992 1071 equi.

166 1095 286 1131 saepe
306 1085 538 1118 maritorum
560 1084 707 1118 somnis
728 1086 899 1118 utuntur
918 1086 1112 1126 amantes,

222 1151 264 1182 et
284 1159 353 1181 sua
373 1148 511 1194 sopitis
532 1144 713 1181 hostibus
733 1158 841 1180 arma
860 1149 1035 1181 movent.

167 1208 379 1245 custodum
399 1210 568 1244 transire
589 1220 730 1244 manus
751 1207 997 1257 vigilumque
1019 1212 1197 1243 catervas

221 1271 359 1308 militis
380 1276 422 1308 et
441 1273 574 1307 miseri
597 1283 755 1320 semper
774 1273 944 1306 amantis
965 1283 1074 1319 opuS.

168 1335 276 1371 Mars
296 1334 440 1371 dubius
461 1347 536 1370 1166
557 1339 666 1370 certa
687 1334 847 1377 Venus;
876 1336 1051 1382 victique
1072 1337 1299 1382 resurgunt,

221 1410 399 1447 quosque
422 1410 545 1446 neges
568 1410 756 1446 umquam
775 1410 890 1445 posse
910 1399 1052 1442 iacere,
1074 1396 1234 1432 cadunt.

167 1460 275 1509 Ergo
295 1460 490 1497 desidiam
511 1462 752 1509 quicumque
774 1460 940 1496 vocabat
965 1472 1154 1504 amorem,

220 1523 389 1559 desinat.
448 1525 601 1571 ingenii
622 1527 684 1558 est
704 1524 949 1571 experientis
969 1534 1088 1557 amor.

165 1585 281 1622 ardet
301 1588 342 1621 111
362 1585 535 1621 abducta
556 1584 735 1621 Briseide
755 1597 924 1633 magnus
945 1584 1179 1620 Achilles——

220 1648 316 1684 dum
337 1647 445 1693 licet,
468 1647 635 1696 Argivas
656 1646 844 1695 frangite,
865 1646 1001 1692 Troes,
1023 1646 1141 1695 opes!

1328 455 1375 491 15

1324 1082 1372 1118 25

1322 1395 1372 1431 30

169 1710 325 1747 Hector
344 1711 394 1746 ab
415 1709 718 1746 Andromaches
739 1708 999 1758 conplexibus
1019 1710 1103 1745 ibat
1118 1708 1168 1745 ad
1184 1721 1304 1754 arma,
1319 1709 1368 1744 35

221 1779 275 1819 et,
297 1773 454 1822 galeam
475 1775 595 1822 capiti
617 1785 718 1822 quae
741 1772 870 1817 daret,
892 1786 990 1808 uxor
1010 1777 1106 1809 erat.

124 1880 128 1884 ἰ
166 1849 320 1873 summa
340 1836 500 1881 ducum,
521 1835 698 1880 Atrides,
720 1838 800 1871 visa
824 1834 1045 1871 Priameide
1067 1833 1194 1871 fertur

222 1898 431 1935 Maenadis
451 1897 583 1934 effusis
604 1899 842 1946 obstipuisse
863 1900 994 1934 comis.

341 2011 354 2024 ‘¹
381 2005 503 2037 Under
519 2004 579 2037 the
597 2015 689 2035 arms
706 2004 741 2035 of
758 2004 903 2046 Ulysses
921 2003 990 2035 and
1008 2002 1203 2035 Diomedes.

169 2069 245 2116 356
