1445 2297
697 77 836 115 OVID

164 183 277 219 nobis
298 181 459 219 fatifero
481 181 639 218 Mavors
660 168 885 229 accingitur
905 192 1026 223 01150;

218 259 290 282 1105
311 248 417 295 petit
437 247 586 282 invicta
609 244 780 282 Palladis
800 244 916 281 hasta
936 257 1068 280 manu.

164 309 278 345 nobis
298 308 492 345 flexibiles
512 313 728 344 curvantur
748 307 947 356 Apollinis
967 318 1104 349 arcus3

218 374 260 407 in
281 385 352 408 nos
372 371 453 407 alta
474 371 578 407 Iovis
598 370 765 407 dextera
786 369 940 406 fulmen
960 369 1094 405 habet.
1323 370 1373 406 30

164 435 355 471 formosas
376 436 510 484 superi
529 438 720 470 metuunt
740 432 944 487 offendere
964 432 1062 468 laesi

218 503 341 547 atque
362 497 480 542 ultro,
501 510 604 547 quae
625 509 666 534 se
687 509 769 532 non
788 499 973 541 timuere,
994 497 1154 532 timent.

165 566 208 597 et
227 563 438 610 quisquam
457 562 523 609 pia
542 565 632 596 tura
653 558 750 596 focis
770 562 965 608 inponere
986 562 1099 594 curat
1115 557 1129 593 ?

220 628 330 660 certe
350 622 439 672 plus
459 625 582 658 animi
602 622 728 659 debet
747 624 878 659 inesse
899 621 1012 658 viris!

166 686 350 735 Iuppiter
369 688 464 734 igne
486 698 556 722 suo
569 685 582 708 1
603 685 713 722 lucos
734 684 929 721 iaculatur
949 689 991 721 et
1010 697 1121 721 arces
1324 682 1373 720 35

218 751 417 798 missaque
438 750 617 797 periuras
637 747 720 784 tela
739 747 859 785 ferire
880 752 1002 784 vetat.

165 817 228 848 tot
247 824 432 848 meruere
453 810 757 861 peti———Semele
777 810 1013 848 miserabilis
1033 812 1130 847 arsit
1148 810 1155 846 !

219 874 346 911 officio
367 880 429 911 est
449 874 506 910 illi
527 887 659 923 poena
678 879 842 923 reperta
863 886 957 917 su03

165 943 208 974 at
229 941 259 974 si
281 943 451 974 venturo
473 950 514 974 se
536 936 793 974 subduxisset
812 939 977 982 amanti,

221 1014 301 1037 non
323 1006 439 1050 pater
458 1003 500 1037 in
522 1000 679 1037 Baccho
699 1003 837 1037 matris
858 1000 1027 1037 haberet
1047 1013 1156 1049 opus.
1324 999 1375 1036 40

167 1063 276 1109 Quid
297 1077 442 1114 queror
462 1069 504 1100 et
524 1069 612 1100 toto
632 1063 734 1100 facio
755 1066 932 1099 convicia
952 1062 1093 1100 caelo?

221 1127 261 1163 di
283 1140 441 1177 quoque
462 1126 617 1163 habent
637 1126 784 1171 oculos,
798 1125 838 1162 di
855 1139 1014 1176 quoque
1035 1130 1177 1175 pectus
1197 1125 1372 1162 habent!

167 1193 198 1227 si
219 1190 318 1226 deus
338 1192 423 1239 ipse
444 1189 584 1234 forem,
607 1202 757 1226 numen
779 1192 864 1225 sine
884 1188 1025 1225 fraude
1046 1188 1188 1226 liceret

221 1252 371 1289 femina
391 1252 576 1289 mendaci
596 1251 757 1289 falleret
776 1265 843 1289 ore
864 1265 1024 1296 meu1n3

168 1319 252 1365 ipse
274 1329 350 1365 ego
370 1309 542 1352 iurareni
562 1328 701 1352 verum
721 1318 850 1352 iurare
871 1315 1025 1364 puellas
1325 1315 1374 1352 45

223 1384 265 1416 et
285 1392 366 1415 non
387 1378 438 1416 de
458 1380 613 1415 tetricis
633 1378 789 1415 dicerer
809 1391 895 1415 esse
916 1377 1026 1415 deus.

169 1448 212 1479 tu
234 1447 372 1478 tamen
392 1441 551 1478 illorum
571 1440 816 1478 moderatius
836 1445 951 1478 utere
972 1440 1134 1477 dono—-

222 1510 292 1542 aut
312 1504 436 1542 oculis
457 1510 567 1541 certe
588 1517 720 1554 parce,
741 1503 888 1554 puella,
909 1504 1032 1540 meis!

733 1668 805 1707 ‘lv

172 1780 291 1816 DURE
312 1781 382 1825 vir,
404 1781 578 1828 inposito
598 1784 763 1815 tenerae
786 1777 951 1814 custode
972 1777 1131 1826 puellae

223 1842 278 1879 nil
299 1845 384 1892 agis
403 1855 411 1886 ;
441 1845 606 1891 ingenio
627 1847 689 1878 est
709 1854 893 1891 quaeque
913 1839 1067 1877 tuenda
1087 1853 1168 1877 suo.

540 1911 549 1930 ¹
575 1922 637 1943 suo
653 1911 773 1944 MSS:
799 1921 879 1942 suos
896 1910 1004 1942 Riese.

332 1986 348 1999 α
372 1980 530 2011 Bacchus
546 1990 617 2011 was
634 1979 720 2011 born
736 1979 827 2011 from
842 1978 905 2010 the
927 1977 1030 2019 thigh
1048 1977 1083 2009 of
1098 1977 1198 2013 Jove,

170 2045 249 2092 458
