1409 2282
675 109 816 146 OVII)

142 217 257 253 obvia
276 216 502 266 prodieram
522 216 658 252 reduci
680 216 902 252 tibi—vera
922 215 1132 252 fatebor—

197 302 272 325 nec
293 288 414 325 facies
435 288 548 324 nobis
569 293 665 324 nota
686 290 862 337 parentis
884 293 969 324 erat
986 288 992 323 ἔ

142 365 183 397 te
205 365 341 397 tamen
363 373 448 396 esse
471 359 676 405 Helenen,
697 359 803 409 quod
821 373 905 396 eras
922 359 1200 409 pulcherrima,
1214 361 1318 396 sensi
1335 372 1344 403 ;

196 435 281 481 ipsa
301 432 543 481 requirebas,
565 445 666 480 quae
688 437 757 468 tua
777 437 872 468 nata
891 431 1018 468 foret!
1267 430 1343 467 100

144 502 236 539 Pars
258 502 356 539 haee
378 516 456 539 una
476 502 586 547 mihi,
608 505 780 538 coniunx
801 503 905 539 bene
926 505 1045 539 cessit
1066 502 1231 539 Orestes
1250 515 1258 545 ;

196 576 228 610 is
250 587 421 623 quoque,
444 575 483 609 ni
505 586 576 622 pro
596 587 637 610 se
659 579 826 623 pugnat,
847 573 1059 622 ademptus
1081 576 1167 609 erit.

145 645 318 695 Pyrrhus
339 645 462 681 habet
483 650 640 694 captam
661 645 807 681 reduce
829 650 871 681 et
885 648 1286 693 ‘victoreparente—

196 715 270 752 hoc
291 729 435 752 munus
456 717 462 751 3
492 716 606 752 nobis
624 716 636 739 1
667 716 800 752 diruta
819 716 937 752 Troia
956 715 1071 752 dedit
1090 716 1096 751 !

139 797 229 820 cuni
254 789 390 820 tamen
412 783 516 819 altus
538 786 649 832 equis
669 783 789 819 Titan
810 782 1058 819 radiantibus
1078 785 1215 828 instat,
1268 783 1341 819 105

198 849 380 899 perfruor
400 849 541 886 infelix
563 849 749 885 liberiore
769 849 874 885 malo
894 862 901 892 ;

140 930 217 952 nox
238 917 305 952 ubi
327 929 392 952 me
412 915 598 951 thalamis
619 915 843 951 ululantem
865 920 907 951 et
927 915 1069 950 acerba
1089 919 1323 963 gementem

195 981 376 1017 condidit
396 984 437 1016 in
457 986 610 1017 maesto
632 981 904 1030 procubuique
926 985 1026 1025 toro,

141 1060 211 1096 pro
232 1060 370 1082 somno
391 1046 562 1082 lacrimis
583 1046 686 1082 oculi
707 1046 933 1095 funguntur
953 1047 1115 1089 obortis,

198 1125 354 1162 quaque
376 1112 484 1157 licet,
506 1111 616 1161 fugio
637 1115 740 1148 sicut
760 1113 810 1148 ab
830 1112 946 1148 hoste
968 1114 1060 1147 viro.
1267 1111 1342 1148 llO

143 1191 261 1226 saepe
282 1177 395 1214 malis
416 1183 559 1226 stupeo
579 1190 792 1227 rerumque
814 1177 938 1214 oblita
958 1177 1113 1226 locique

198 1244 335 1290 ignara
355 1243 473 1290 tetigi
495 1240 630 1289 Scyria
649 1241 830 1277 membra
849 1254 982 1285 manu,

143 1309 268 1353 utque
290 1303 401 1340 nefas
422 1306 540 1348 sensi,
561 1303 665 1340 male
686 1316 850 1352 corpora
870 1308 978 1340 tacta
998 1303 1180 1353 relinquo

198 1372 240 1403 et
260 1366 358 1402 mihi
378 1366 550 1415 pollutas
572 1366 712 1402 credor
732 1366 879 1403 habere
900 1380 1051 1403 manus.

143 1445 261 1481 saepe
284 1431 541 1480 Neoptolemi
563 1445 633 1480 pro
654 1434 816 1468 nomine
838 1445 984 1468 nomen
1007 1432 1162 1469 Orestis
1267 1432 1340 1468 115

198 1500 294 1542 exit,
316 1503 358 1534 et
378 1511 552 1534 errorem
573 1500 678 1533 vocis
698 1503 744 1534 ut
765 1511 883 1534 omen
904 1511 1002 1533 amo.

145 1563 220 1599 Per
239 1576 366 1611 genus
387 1562 527 1599 infelix
548 1566 633 1599 iuro
653 1566 892 1612 generisque
913 1569 1136 1612 parentem,

197 1631 262 1678 qui
284 1628 400 1673 fretal,
422 1631 489 1677 qui
510 1633 634 1664 terras
656 1634 698 1665 et
719 1642 788 1664 sua
807 1642 931 1677 regna
952 1631 1083 1678 quatit
1101 1642 1109 1672 ;

143 1706 214 1742 per
234 1696 357 1742 patris
378 1707 465 1730 ossa
484 1696 557 1738 tui,
579 1697 710 1742 patrui
731 1693 842 1737 mihi,
864 1707 965 1743 quae
987 1695 1060 1730 tibi
1081 1694 1247 1739 debent,

196 1758 302 1808 quod
323 1772 364 1795 se
386 1760 459 1795 sub
479 1759 634 1795 tumulo
655 1759 814 1796 fortiter
835 1759 920 1796 ulta
939 1762 1128 1796 iacent—
1268 1760 1342 1796 120

141 1829 211 1860 aut
231 1837 306 1873 ego
327 1827 568 1872 praemoriar
588 1827 796 1874 primoque
818 1827 1050 1873 exstinguar
1069 1827 1111 1860 in
1131 1838 1242 1871 aevo,

195 1894 265 1926 aut
286 1902 360 1938 ego
381 1889 617 1926 Tantalidae.
638 1889 816 1926 Tantalis
837 1903 935 1926 uxor
955 1903 1022 1926 ero
1039 1891 1045 1926 1

184 1965 195 1984 ¹
220 1965 264 1997 So
290 1965 341 1996 G's
366 1965 476 1996 Merk.
501 1965 580 1997 Pa:
607 1969 642 1996 et
666 1966 780 1996 minus
805 1977 824 1996 a
850 1965 948 1997 nobis
975 1966 1026 1997 P:
1061 1977 1187 1997 munus
1218 1969 1254 1998 et
1275 1966 1339 1997 hoc

142 2008 241 2040 nobis
262 2022 273 2040 ς
291 2009 411 2040 Flam:
439 2020 562 2039 munus
580 2013 615 2040 et
633 2012 665 2040 a!
691 2010 790 2040 nobis
808 2009 901 2041 Elzw.

146 2071 218 2107 106
