1445 2297
698 52 841 105 ole'

164 189 256 212 nam
279 174 385 225 quod
407 174 529 211 habes
551 179 593 210 et
613 179 657 210 tu
679 176 830 223 gemini
852 174 971 210 verba
991 173 1119 209 altera
1138 175 1259 222 pacti,
1294 173 1368 210 155

217 252 298 275 non
320 241 397 275 erit
417 237 564 273 idcirco
586 250 656 286 par
676 242 745 273 tua
766 250 883 273 causa
902 250 1027 273 meae.

164 301 262 337 haec
301 300 399 336 mihi
437 313 479 337 se
518 303 686 349 pepigit,
722 305 837 349 pater
870 299 973 336 hanc
1011 300 1098 345 tibi,
1138 301 1287 348 primus

270 364 321 399 ab
341 362 432 406 illa3

217 426 287 463 sed
308 428 468 475 propior
489 430 599 462 certe
620 438 739 475 quam
760 431 876 475 pater
895 428 980 475 ipsa
1000 426 1074 462 sibi
1095 430 1167 462 est.

161 494 344 542 promisit
363 496 479 541 pater
498 490 614 537 hanc,
635 491 734 528 haec
755 497 797 528 et
815 494 960 528 iuravit
979 494 1154 536 amanti3

216 554 284 591 ille
305 554 501 600 homines,
522 554 621 591 haec
643 560 704 591 est
724 554 938 591 testificata
957 554 1085 591 deam.
1294 554 1370 591 160

162 617 226 654 1110
246 620 394 654 metuit
413 617 617 662 mendax)
639 616 738 654 haec
759 622 801 654 et
822 620 980 666 periura
1000 619 1155 659 vocari;

215 694 270 716 an
290 680 462 726 dubitas,
483 679 548 716 hic
569 683 621 717 sit
640 683 765 716 maior
784 694 835 716 an
856 680 923 717 ille
943 686 1076 717 metus
1094 682 1107 716 ?

162 743 352 793 denique,
374 748 419 779 ut
439 744 646 779 amborum
667 743 850 780 conferre
870 743 1047 793 pericula
1068 745 1205 792 possis,

216 808 369 854 respice
390 805 439 841 ad
462 805 786 842 eventus—haec
807 806 940 851 cubat,
961 805 1029 842 ille
1051 805 1167 842 valet.

161 881 232 904 nos
254 881 412 918 quoque
433 868 614 904 dissimili
636 871 855 905 certamina
874 874 1013 906 mente
1034 869 1211 905 subimus
1230 881 1239 912 ;
1291 868 1364 905 165

216 942 291 965 1100
312 942 402 978 spes
423 942 494 978 par
514 930 628 965 nobis
650 942 724 965 1100
745 932 865 966 timor
884 942 1034 979 aequus
1055 929 1180 966 adest.

160 994 204 1025 tu
225 991 330 1038 petis
351 1002 399 1025 ex
419 994 510 1025 tuto
527 1002 536 1033 3
565 992 721 1038 gravior
740 988 838 1025 mihi
857 994 987 1026 morte
1007 989 1165 1039 repulsa
1185 994 1259 1035 est.

214 1049 336 1098 idque
359 1062 434 1098 ego
454 1051 545 1094 iam,
566 1049 674 1099 quod
694 1055 739 1085 tu
761 1048 894 1086 forsan
914 1051 1077 1096 amabis,
1098 1063 1197 1086 anio.

161 1112 192 1145 si
213 1110 287 1145 tibi
308 1112 496 1154 iustitiae,
519 1112 550 1145 si
572 1112 671 1146 recti
692 1123 785 1146 cura
804 1109 958 1156 fuisset,

216 1169 360 1206 cedere
382 1169 578 1206 debueras
599 1170 758 1218 ignibus
778 1172 863 1219 ipse
883 1173 992 1207 meis.
1292 1170 1366 1208 170

161 1229 292 1275 Nunc,
315 1232 501 1279 quoniam
522 1229 629 1265 ferus
650 1229 714 1265 hic
734 1243 805 1279 pro
826 1243 942 1267 causa
962 1235 1117 1280 pugnat
1136 1233 1283 1280 iniqua,

214 1289 264 1326 ad
284 1289 392 1339 quid,
415 1289 608 1339 Cydippe,
628 1289 765 1326 littera
783 1295 916 1326 nostra
946 1290 1080 1327 redit?

161 1349 225 1386 hic
246 1349 343 1386 facit
364 1355 409 1386 ut
430 1353 557 1386 iaceas
579 1355 621 1386 et
643 1352 694 1386 sis
715 1356 900 1399 suspecta
922 1350 1076 1387 Dianae
1096 1363 1104 1394 ;

214 1410 321 1446 hunc
342 1415 399 1455 tu,
421 1413 453 1447 si
473 1412 613 1459 sapias,
634 1409 759 1446 limen
779 1410 889 1447 adire
911 1416 1034 1447 vetes.

160 1470 235 1506 hoc
256 1470 429 1507 faciente
451 1471 557 1507 subis
577 1476 660 1508 tani
681 1483 796 1507 saeva
816 1471 992 1520 pericula
1011 1473 1171 1507 vitae—
1288 1470 1362 1508 175

214 1536 335 1580 atque
357 1533 510 1567 utinam
530 1544 602 1580 pro
622 1536 677 1576 te,
698 1533 765 1580 qui
785 1536 921 1567 movet
941 1530 1020 1576 illa,
1041 1530 1158 1567 cadat
1176 1531 1182 1567 l

160 1604 280 1640 quem
301 1594 332 1627 si
354 1591 588 1640 reppuleris,
609 1604 696 1636 nec,
718 1604 838 1640 quem
858 1591 934 1628 dea
954 1591 1131 1636 damnat,
1151 1593 1305 1636 amaris,

214 1656 258 1687 tu
279 1656 376 1687 tunc
398 1653 602 1696 continuo,
624 1656 733 1687 certe
755 1664 831 1700 ego
851 1651 982 1688 salvus
1003 1664 1081 1688 ero.

159 1713 255 1748 siste
275 1717 443 1757 metum,
464 1712 596 1760 virgo!
627 1711 759 1749 stabili
779 1714 933 1761 potiere
955 1711 1095 1756 salute,

213 1770 276 1807 fac
295 1771 414 1807 modo
435 1771 602 1820 polliciti
624 1774 781 1807 conscia
801 1771 953 1821 templa
973 1771 1102 1815 colas3
1288 1771 1364 1808 180

160 1844 241 1867 non
261 1832 362 1868 bove
383 1836 558 1868 mactato
578 1830 767 1868 caelestia
786 1835 951 1868 numina
970 1832 1163 1881 gaudent,

214 1891 298 1937 sed,
319 1904 420 1940 quae
442 1891 682 1940 praestanda
703 1897 765 1928 est
786 1897 828 1929 et
848 1895 933 1928 sine
954 1897 1073 1938 teste,
1095 1891 1184 1928 fide.

217 1968 227 1987 ¹
252 1970 296 2001 So
317 1970 360 2012 P,
370 1970 398 2001 G
414 1970 468 2002 Vm
485 1984 491 2002 :
518 1970 576 2001 ille
594 1971 697 2002 timet
714 1970 862 2001 mendax
880 1970 1020 2011 Dilthey
1038 1970 1083 2011 Pl
1102 1970 1135 2001 in
1153 1981 1301 2002 erasure.

163 2034 238 2070 286
