1409 2282
660 93 800 132 OVID

130 201 208 238 Vos
229 201 348 238 modo
368 201 566 247 venando,
585 201 705 237 modo
725 214 790 237 rus
810 200 969 250 geniale
991 198 1160 237 colendo

182 268 330 314 ponitis
350 267 390 300 in
412 267 517 300 varia
536 270 719 313 tempora
739 264 857 313 longa
877 277 997 300 mora.
1285 261 1333 299 10

127 333 197 365 aut
218 328 301 364 fora
324 341 390 365 vos
411 330 591 364 retinent
612 332 681 363 aut
701 332 847 364 unctae
869 327 974 363 dona
991 327 1003 350 1
1026 327 1261 376 palaestrae,

182 391 342 428 flectitis
362 396 432 428 aut
451 390 566 427 freno
587 390 686 426 colla
707 393 885 440 sequacis
906 393 997 440 equi
1016 403 1025 434 ;

130 468 237 491 nunc
258 454 458 490 volucrem
479 453 636 503 laqueo,
656 467 763 490 nunc
784 455 934 502 piscem
955 453 1100 490 ducitis
1120 452 1263 496 hamo;

184 517 351 554 diluitur
371 520 501 566 posito
521 519 643 553 serior
663 516 759 553 hora
778 529 900 553 mero.

132 579 194 617 his
214 580 313 616 mihi
334 585 570 624 summotae,
592 579 654 615 vel
676 582 707 616 si
727 582 858 616 minus
879 582 1024 616 acriter
1044 592 1146 624 urar,
1288 578 1336 614 15

185 643 292 693 quod
313 643 468 688 faciam,
490 647 672 691 superest
693 647 853 692 praeter
872 655 1004 679 amare
1025 642 1137 678 nihil.

134 706 241 756 quod
263 711 446 755 superest
466 705 581 750 facio,
602 710 739 755 teque,
761 719 784 742 o
803 718 893 742 mea
913 705 995 742 sola
1015 705 1210 754 voluptas,

186 769 275 818 plus
296 781 468 819 quoque,
491 781 610 818 quam
631 768 746 804 reddi
767 768 874 818 quod
894 768 992 804 mihi
1013 770 1150 817 possit,
1170 767 1282 803 amo!

131 838 202 868 aut
222 845 298 881 ego
319 845 410 868 cum
430 845 519 868 cara
539 830 590 868 de
604 836 652 868 te
674 834 830 868 nutrice
852 844 1022 877 susurro,

187 908 370 945 quaeque
391 899 520 939 tuum,
541 897 673 939 miror,
695 907 812 930 causa
832 899 1011 931 moretur
1031 897 1132 938 iter3
1290 892 1340 929 20

134 963 205 994 aut
224 971 333 994 mare
354 960 601 1007 prospiciens
622 957 757 994 odioso
779 960 935 994 concita
956 963 1079 994 vento

189 1023 357 1069 corripio
378 1020 508 1056 verbis
528 1032 700 1069 aequora
720 1033 849 1069 paene
870 1023 974 1064 tuis;

133 1088 215 1129 aut,
237 1083 305 1120 ubi
326 1085 514 1119 saevitiae
535 1082 698 1132 paulum
718 1086 847 1132 gravis
867 1083 975 1120 unda
994 1086 1161 1129 remisit,

190 1159 305 1195 posse
327 1146 504 1196 quidem,
527 1145 598 1182 sed
618 1151 660 1182 te
681 1145 789 1182 nolle
810 1149 961 1192 venire,
982 1159 1151 1196 queror;

136 1209 312 1258 dumque
361 1222 505 1259 queror
551 1208 737 1246 lacrimae
785 1222 857 1259 per
908 1212 1083 1246 amantia
1137 1209 1289 1245 lumina

244 1274 423 1314 manant,
1295 1268 1342 1304 25

190 1329 335 1378 pollice
357 1342 453 1379 quas
473 1329 648 1366 tremulo
669 1332 825 1367 conscia
846 1332 968 1366 siccat
988 1343 1097 1366 anus.

137 1402 256 1438 saepe
276 1391 337 1425 tui
358 1394 496 1438 specto
518 1392 548 1426 si
570 1392 650 1427 sint
670 1392 711 1426 in
731 1389 848 1427 litore
869 1403 1020 1440 passus,

192 1452 384 1499 inpositas
404 1454 609 1499 tamquam
630 1456 763 1487 servet
782 1450 932 1487 harena
951 1456 1066 1487 notas
1082 1463 1091 1494 ;

139 1514 264 1559 utque
285 1523 423 1559 rogem
444 1509 557 1547 dete
579 1515 622 1546 et
641 1511 810 1547 scribam
830 1512 918 1557 tibi,
938 1513 1060 1560 siquis
1081 1510 1227 1560 Abydo

196 1572 366 1615 venerit,
387 1575 469 1615 aut,
491 1583 652 1620 quaero,
674 1573 795 1620 siquis
816 1570 991 1620 Abydon
1012 1576 1089 1607 eat.
1295 1568 1345 1605 30

140 1630 236 1680 quid
256 1629 441 1675 referam,
462 1633 648 1680 quotiens
669 1631 762 1667 dem
783 1631 960 1668 vestibus
981 1631 1126 1676 oscula,
1148 1643 1244 1681 quas
1264 1636 1309 1667 tu

197 1690 527 1740 Hellespontiaca
548 1694 662 1740 ponis
682 1693 808 1727 iturus
827 1692 957 1741 aqua?

141 1750 205 1788 Sic
226 1751 294 1787 ubi
315 1750 383 1787 lux
402 1756 491 1787 acta
508 1756 569 1787 est
589 1756 631 1787 et
652 1753 781 1787 noctis
799 1754 962 1787 amicior
982 1750 1077 1787 hora

195 1810 379 1846 exhibuit
399 1810 512 1859 pulso
534 1810 662 1847 sidera
684 1810 788 1847 clara
808 1811 887 1856 die,

140 1872 322 1919 protinus
342 1873 383 1906 in
404 1883 558 1906 summo
578 1870 783 1919 vigilantia
803 1871 953 1907 lumina
972 1876 1083 1908 tecto
1297 1870 1346 1905 35

195 1932 393 1978 ponimus,
413 1929 603 1966 adsuetae
624 1933 737 1979 signa
757 1936 973 1980 notamque
995 1933 1093 1976 viae,

621 2000 629 2019 ¹
655 2011 755 2031 mane
773 2001 870 2033 Bent.

145 2065 221 2100 260
