1409 2282
701 85 798 122 OVI
804 86 841 122 D

169 194 327 241 iamque
348 196 504 240 patrem
523 190 772 242 famulosque
789 194 912 241 patris
929 191 1143 241 lucemque
1157 192 1348 227 timebam

225 257 468 306 expulerunt
488 270 646 293 somnos
666 257 765 294 haec
785 270 876 293 mea
895 257 1003 293 dicta
1024 262 1138 293 tuos:

172 327 327 372 “surge
347 335 436 372 age,
459 322 612 368 Belide,
633 323 684 359 de
705 328 767 360 tot
788 323 906 359 modo
927 322 1115 359 fratribus
1136 336 1238 359 unus
1257 323 1264 359 !

226 402 304 424 nox
324 389 410 433 tibi,
432 391 474 423 ni
494 401 694 437 properas,
716 391 791 425 ista
811 390 999 438 perennis
1020 390 1096 424 erit
1114 389 1120 424 !
1136 388 1157 399 ”

172 457 336 490 territus
358 456 536 503 exsurgis
555 466 563 497 ;
594 453 699 503 fugit
719 442 847 491 omnis
867 457 1011 491 inertia
1032 456 1159 490 somni
1176 466 1184 497 ;

227 519 397 568 adspicis
418 522 459 555 in
479 519 621 556 timida
641 519 759 556 fortia
779 519 861 556 tela
880 533 1015 556 manu.

177 587 387 634 quaerenti
409 598 567 621 causam
589 589 612 605 “
628 585 724 621 dum
745 598 823 621 nox
844 587 950 630 sinit,
973 585 1103 633 effuge
1121 584 1127 619 !
1144 584 1164 595 ''
1188 584 1280 621 dixi.

227 650 323 686 dum
344 663 422 686 nox
442 655 529 686 atra
549 653 656 696 sinit,
679 656 723 687 tu
745 650 862 700 fugis,
884 653 968 700 ipsa
987 663 1128 686 moror.

177 715 298 751 Mane
321 720 418 760 erat,
441 720 483 751 et
504 714 667 751 Danaus
687 728 857 764 generos
879 728 926 751 ex
948 714 1070 750 caede
1092 716 1258 750 iacentis

229 780 468 816 dinumerat.
501 793 678 817 summae
701 783 875 816 criminis
896 793 997 816 unus
1018 780 1122 816 abes.

174 845 254 882 fert
273 845 377 882 male
399 851 593 895 cognatae
614 848 806 882 iacturam
826 848 965 882 mortis
985 847 1026 880 in
1047 858 1126 881 uno

231 916 273 948 et
293 914 475 960 queritur
494 911 591 948 facti
612 914 816 961 sanguinis
836 924 922 947 esse
943 924 1093 960 parum.

178 976 386 1012 abstrahor
405 990 427 1012 a
448 979 584 1026 patriis
605 977 786 1026 pedibus,
808 982 1043 1026 raptamque
1065 975 1271 1025 capillis—

228 1041 328 1078 haec
348 1045 496 1078 meruit
517 1045 645 1091 pietas
667 1044 844 1091 praemia
860 1042 1059 1078 l—-carcer
1079 1041 1213 1078 habet.

176 1107 339 1144 Scilicet
360 1121 409 1144 ex
430 1108 498 1144 illo
521 1108 689 1144 Iunonia
714 1113 925 1157 permanet
946 1110 1000 1143 ira

231 1187 321 1210 cum
342 1174 411 1210 bos
432 1187 480 1210 ex
502 1173 663 1210 homine
686 1179 759 1219 est,
782 1186 830 1210 ex
851 1174 951 1209 bove
973 1172 1079 1209 facta
1100 1173 1185 1209 dea.

175 1244 217 1275 at
238 1242 332 1275 satis
353 1244 414 1276 est
436 1252 588 1288 poenae
610 1244 791 1275 teneram
811 1241 985 1288 mugisse
1007 1238 1181 1287 puellam

231 1317 318 1349 nec,
340 1304 458 1340 niodo
479 1304 703 1350 formosam,
725 1317 838 1353 posse
860 1304 1017 1353 placere
1041 1304 1134 1339 Iovi.

177 1369 336 1406 adstitit
356 1373 396 1405 in
417 1372 501 1419 ripa
521 1369 661 1419 liquidi
682 1383 784 1406 nova
804 1383 922 1405 vacca
942 1371 1131 1418 parentis,

232 1448 459 1485 cornuaque
480 1438 521 1471 in
542 1438 679 1484 patriis
702 1449 783 1471 non
803 1448 873 1471 sua
893 1435 993 1471 vidit
1013 1437 1136 1484 aquis,

178 1505 402 1550 conatoque
423 1503 535 1550 queri
555 1503 733 1549 mugitus
754 1500 883 1537 edidit
903 1513 970 1536 ore

231 1569 452 1615 territaque
474 1571 535 1602 est
555 1565 693 1611 forma,
715 1569 856 1603 territa
876 1579 971 1602 voce
993 1579 1071 1602 sua.

178 1631 275 1681 quid
296 1631 405 1677 furis,
427 1631 596 1668 infelix?
627 1631 720 1681 quid
743 1637 785 1668 te
806 1633 958 1667 miraris
980 1634 1020 1666 in
1041 1632 1209 1669 umbra?

232 1697 327 1746 quid
349 1710 534 1734 numeras
554 1697 681 1733 factos
701 1697 750 1733 ad
771 1710 872 1733 nova
892 1697 1071 1733 membra
1092 1697 1245 1745 pedes?

179 1762 246 1798 illa
268 1762 371 1799 Iovis
392 1766 527 1812 magni
549 1763 690 1812 paelex
711 1762 931 1799 metuenda
951 1765 1072 1798 sorori

232 1827 374 1865 fronde
396 1828 502 1865 levas
523 1831 686 1864 nimiam
707 1828 1027 1877 caespitibusque
1048 1827 1208 1873 famem,

309 1947 324 1960 ‘¹
348 1940 464 1979 Belus,
484 1941 682 1982 Aegyptus,
699 1941 871 1982 Lynceus.

308 1985 320 2003 ὁ
345 1983 417 2015 The
435 1988 532 2026 story
550 1984 586 2015 of
602 1984 653 2023 Io,
673 1984 848 2026 daughter
864 1984 900 2015 of
923 1984 984 2015 the
1002 1984 1095 2015 river
1111 1983 1272 2015 Inachus.

185 2048 256 2094 176

1352 454 1374 489 01

1327 780 1377 815 80

1330 1434 1379 1471 90
