1445 2297
706 58 846 96 OVID

172 167 214 200 at
233 162 333 199 mihi
353 166 564 213 contingat
584 164 753 201 Veneris
772 164 1034 215 languescere
1054 170 1180 210 motu,
1329 165 1378 202 35

227 236 319 260 eum
339 226 496 269 moriar,
517 224 697 261 medium
718 225 846 261 solvar
867 230 910 262 et
929 227 1037 262 inter
1056 238 1180 274 opus;

173 288 296 332 atque
316 282 459 333 aliquis
480 289 616 321 nostro
637 284 847 321 lacrimans
867 288 909 321 in
929 285 1071 322 sunere
1093 285 1200 322 dicat
1219 298 1226 322 :

226 347 251 364 ‘⁶
266 346 512 381 conveniens
533 347 639 382 vitae
660 358 765 382 mors
786 344 863 382 fuit
883 347 960 382 ista
979 345 1096 382 tuae!
1115 345 1136 356 ”

743 484 802 521 ΧΙ

174 567 305 604 PRIMA
326 569 450 606 malas
471 569 608 607 docuit
628 571 866 607 mirantibus
887 573 1070 621 aequoris
1091 570 1209 608 undis

228 627 385 665 Peliaco
405 632 523 679 pinus
544 632 694 667 vertice
720 643 832 667 caesa
852 633 946 676 vias,

173 701 276 738 quae
297 692 573 726 concurrentis
594 693 702 727 inter
721 694 936 728 temeraria
956 696 1094 728 cautes

227 752 483 798 conspicuam
504 749 614 787 fulvo
635 750 785 788 vellere
806 753 916 788 vexit
936 764 1062 788 ovem.

172 821 195 844 o
217 811 387 855 utinam,
408 813 551 859 nequis
571 823 682 847 remo
703 809 807 847 freta
828 811 948 861 longa
968 816 1162 856 moveret,
1356 811 1378 847 5

228 868 339 918 Argo
360 868 540 906 funestas
561 883 697 919 pressa
718 871 885 909 bibisset
905 884 1027 921 aquas
1045 871 1052 907 1

173 928 292 974 Ecce,
313 928 419 978 fugit
439 935 662 980 notumque
683 936 816 967 torum
837 934 1042 981 sociosque
1066 931 1237 968 Penates

226 987 460 1039 fallacisque
481 992 562 1026 vias
582 993 640 1027 ire
662 990 834 1027 Corinna
854 996 979 1040 parat.

172 1048 269 1098 quid
283 1048 299 1072 1
319 1050 407 1095 tibi,
427 1063 491 1086 me
513 1053 703 1087 miserum
720 1052 726 1087 l
766 1051 970 1101 Zephyros
987 1051 1195 1101 Eurosque
1211 1050 1363 1087 timebo

227 1114 270 1145 et
292 1108 472 1158 gelidum
496 1110 648 1146 Borean
671 1110 956 1160 egelidumque
980 1110 1130 1148 Notum
1149 1112 1163 1146 ?
1334 1109 1382 1146 10

172 1182 253 1205 non
274 1169 356 1205 illic
377 1170 508 1215 urbes,
530 1183 610 1206 non
630 1176 675 1207 tu
697 1171 894 1207 mirabere
916 1170 1055 1215 silvas;

227 1243 306 1265 una
327 1235 388 1266 est
408 1232 545 1267 iniusti
566 1231 723 1267 caerula
742 1230 869 1267 forma
889 1234 1018 1268 maris.

175 1302 250 1325 nec
270 1289 427 1326 medius
447 1293 581 1327 tenuis
602 1291 774 1327 conchas
794 1293 1004 1341 pictosque
1025 1290 1181 1340 lapillos

226 1355 375 1398 pontus
395 1349 543 1394 habet3
572 1350 699 1387 bibuli
719 1350 846 1387 litoris
867 1351 935 1387 illa
955 1364 1065 1387 mora
1086 1356 1158 1388 est.

172 1408 289 1445 litora
310 1413 541 1447 marmoreis
561 1410 732 1459 pedibus
752 1413 923 1460 signate,
944 1410 1102 1460 puellae
1122 1424 1131 1454 ;
1334 1410 1380 1446 15

227 1468 423 1506 hactenus
444 1475 506 1507 est
526 1475 852 1507 tutum—cetera
872 1484 989 1508 caeca
1009 1473 1070 1507 via
1091 1476 1161 1508 est.

174 1534 216 1566 et
236 1529 346 1566 vobis
367 1529 433 1565 alii
454 1535 667 1567 ventorum
688 1530 838 1579 proelia
858 1536 1045 1574 narrent3

228 1602 325 1638 quas
345 1588 478 1639 Scylla
499 1589 679 1635 infestet,
701 1603 849 1640 quasve
871 1590 1092 1640 Charybdis
1112 1604 1233 1640 aquas
1253 1603 1261 1634 ;

178 1653 220 1685 et
241 1649 385 1698 quibus
406 1651 613 1686 emineant
633 1649 810 1686 violenta
831 1650 1024 1686 Ceraunia
1046 1652 1147 1686 saxis
1166 1663 1174 1694 ;

229 1721 308 1757 quo
328 1708 484 1745 lateant
504 1709 642 1759 Syrtes
662 1723 809 1759 magna
823 1712 1033 1760 minorque
1054 1712 1153 1746 sinu.
1332 1709 1381 1746 20

172 1767 273 1804 haec
293 1767 359 1803 alii
379 1768 558 1805 referant
579 1769 646 1805 ad2
667 1782 735 1806 vos
753 1782 762 1813 ;
782 1769 889 1819 quod
910 1772 1078 1820 quisque
1098 1769 1298 1820 loquetur,

229 1827 383 1864 credite
401 1829 408 1864 1
440 1828 623 1865 credenti
640 1828 655 1852 3
677 1828 787 1865 nulla
807 1828 983 1879 procella
1001 1834 1133 1866 nocet.

304 1919 314 1937 ¹
339 1929 443 1960 quam
461 1919 562 1951 N‘e'm.
673 1919 686 1938 2
709 1920 864 1952 referant
882 1933 888 1956 ;
913 1924 951 1952 at
967 1930 1030 1952 κως
1050 1921 1134 1960 z’ulq.
1156 1921 1247 1952 Post.

304 1963 316 1982 ³
340 1962 498 1995 credenti
519 1963 619 2003 vulfs:
644 1965 829 2005 quaerenti
846 1964 939 1997 Ehw.
952 1964 1052 2005 from
1070 1965 1112 1996 P.

174 2037 252 2071 414
