1445 2297
698 72 838 111 OVID

744 229 803 267 IX

165 338 379 375 ΜΕΜΝΟΝΑ
400 339 431 374 si
451 342 593 382 mater,
614 341 744 373 mater
763 335 934 385 ploravit
954 335 1168 381 Achillem,

219 404 262 435 et
280 403 459 447 tangunt
479 410 645 446 magnas
665 399 796 434 tristia
816 396 898 432 fata
921 396 1028 442 deas,

164 458 305 495 flebilis
326 458 526 507 indignos,
548 457 727 506 Elegeia,
749 456 856 493 solve
877 456 1040 506 capillos
1058 458 1064 493 !

218 533 253 565 a,
274 521 392 555 nimis
413 532 461 555 ex
483 531 576 555 vero
597 531 704 554 nunc
724 518 797 554 tibi
819 530 968 554 nomen
989 519 1065 554 erit
1080 517 1144 553 !—

164 579 231 616 ille
253 582 312 616 tui
333 584 444 616 vates
464 581 607 628 operis,
629 583 699 615 tua
728 577 845 624 fama,
866 577 1048 614 Tibullus

218 640 334 677 ardet
353 642 395 675 in
416 644 612 684 extructo,
634 652 776 688 corpus
796 641 928 684 inane,
948 651 1055 687 rogo.

165 713 272 745 ecce,
293 713 393 749 puer
414 700 582 736 Veneris
602 698 682 736 fert
702 711 962 748 eversamque
982 697 1211 747 pharetram

220 766 262 797 et
283 760 429 797 fractos
450 773 563 796 arcus
587 765 628 797 et
650 762 735 796 sine
756 759 846 796 luce
867 758 997 796 facem
1013 771 1023 803 3

164 820 338 870 adspice,
360 820 541 857 demissis
562 825 607 857 ut
628 825 694 857 eat
713 818 949 856 miserabilis
968 818 1040 855 alis

219 887 463 931 pectoraque
484 880 631 917 infesta
650 880 798 917 tundat
817 885 957 929 aperta
976 892 1097 915 manu
1113 879 1120 915 l

166 944 376 991 excipiunt
397 941 577 977 lacrimas
599 943 722 990 sparsi
745 953 817 989 per
838 939 939 976 colla
959 939 1104 989 capilli,

219 1015 366 1052 oraque
387 1001 566 1051 singultu
588 1003 847 1037 concutiente
867 1005 1021 1037 sonant.

168 1061 302 1099 fratris
323 1065 364 1098 in
386 1055 551 1098 Aeneae
573 1064 627 1098 sic
648 1061 760 1097 illum
782 1060 924 1097 funere
945 1060 1088 1097 dicunt

221 1136 426 1172 egressum
447 1124 578 1168 tectis,
601 1121 769 1171 pulcher
790 1120 889 1166 lule,
911 1123 990 1157 tuis
1007 1133 1015 1165 ;

167 1196 242 1219 nec
262 1186 395 1219 minus
416 1187 477 1219 est
498 1181 662 1218 confusa
683 1181 819 1218 Venus
840 1184 1038 1217 moriente
1059 1180 1230 1226 Tibullo,

221 1251 339 1287 quam
361 1239 495 1273 iuveni
516 1239 625 1285 rupit
645 1250 736 1272 cuin
757 1235 864 1272 ferus
885 1239 1038 1285 inguen
1057 1248 1164 1285 aper.

166 1297 207 1329 at
229 1294 327 1328 sacri
350 1297 459 1328 vates
480 1297 522 1328 et
542 1291 679 1328 divum
701 1304 794 1327 cura
814 1303 1001 1326 vocamur
1018 1302 1027 1334 3

221 1351 315 1383 sunt
336 1349 457 1383 etiam
478 1348 545 1395 qui
566 1359 638 1381 nos
658 1358 810 1382 numen
830 1344 979 1381 habere
999 1349 1158 1393 putent.

167 1401 330 1438 Scilicet
350 1414 468 1436 omne
490 1413 644 1437 sacrum
664 1413 770 1436 mors
790 1402 1006 1448 inportuna
1025 1398 1222 1448 profanat,

221 1456 405 1491 omnibus
426 1455 612 1491 obscuras
633 1456 746 1491 inicit
766 1454 834 1489 illa
853 1466 994 1490 manus
1011 1454 1018 1490 Σ

167 1510 263 1559 quid
285 1515 400 1558 pater
421 1509 598 1555 Ismario,
619 1508 715 1558 quid
736 1513 865 1545 mater
885 1507 1036 1557 profuit
1056 1507 1249 1556 Orpheo?

222 1567 396 1600 carmine
418 1563 514 1613 quid
534 1566 658 1600 victas
679 1564 917 1611 obstipuisse
938 1561 1069 1598 feras?

167 1623 209 1655 et
230 1618 361 1654 Linon
375 1617 388 1641 1
408 1621 449 1653 in
470 1617 576 1654 silvis
596 1617 704 1654 idem
724 1622 839 1666 pater
859 1621 884 1637 “
898 1616 1057 1652 aelinon
1077 1617 1083 1652 !
1100 1616 1121 1627 ''
1142 1615 1232 1652 altis

221 1672 368 1714 dicitur
389 1674 513 1709 invita
534 1674 783 1708 concinuisse
803 1671 898 1721 lyra.
1142 1680 1145 1682 “

167 1727 280 1763 adice
303 1726 561 1771 Maeoniden,
582 1740 604 1762 a
625 1740 703 1775 quo
724 1739 796 1762 ceu
818 1725 931 1762 fonte
953 1727 1121 1774 perenni

222 1786 359 1817 vatum
382 1781 519 1818 Pieriis
540 1794 607 1817 ora
627 1783 810 1829 rigantur
830 1782 996 1830 aquis—

428 1859 439 1878 ¹
463 1860 508 1891 So
526 1860 636 1891 Elium
662 1859 985 1890 aelinon—aelinon
1003 1858 1091 1899 Χι’ῖιῖςχ.

386 1943 401 1956 ‘¹
425 1936 553 1978 Apollo
569 1936 638 1968 and
656 1937 716 1968 the
734 1936 835 1967 Muse
851 1935 1017 1977 Calliope.

387 1982 399 2000 ὁ
425 1983 447 1997 “
462 1981 561 2018 WVoe,
582 1980 722 2019 Linus‚’'
740 1991 759 2011 a
776 1980 886 2022 dirge.
978 1986 989 1999 Β
1013 1979 1154 2011 Homer.

169 2046 247 2091 480
