1409 2282
650 86 789 145 onD

117 215 180 249 tot
200 215 309 261 prius
328 210 513 249 abductis
535 225 659 262 ecqua
681 217 743 248 est
763 215 937 261 repetita
958 224 1030 261 per
1049 224 1157 247 arma
1174 212 1188 247 ?

172 275 292 312 crede
312 275 423 320 mihi,
445 288 565 311 vanos
586 287 648 310 res
669 274 793 311 habet
813 277 889 311 ista
909 279 1053 311 metus.

120 341 283 375 nomine
305 343 502 387 ceperunt
524 337 734 387 Aquilonis
756 337 1003 374 Erechthida
1024 337 1211 383 Thraces,
1246 337 1323 374 345

174 406 216 438 et
235 406 325 438 tuta
345 415 367 436 a
387 400 494 437 bello
516 400 690 437 Bistonis
712 413 779 436 ora
798 399 875 436 fuit
893 412 901 444 ;

123 463 293 500 Phasida
312 476 447 513 puppe
468 476 570 499 nova
590 465 700 499 vexit
723 462 943 511 Pagasaeus
966 462 1094 507 Iason,

173 526 280 562 laesa
300 539 432 575 neque
455 531 516 562 est
537 525 684 561 Colcha
704 524 894 562 Thessala
913 530 1020 562 terra
1039 538 1171 561 manu.

120 595 162 626 te
183 602 342 639 quoque
363 591 430 638 qui
451 591 596 638 rapuit,
617 591 750 637 rapuit
772 588 951 624 Minoida
971 588 1150 624 Theseus
1169 601 1177 632 3

174 651 284 688 nulla
304 657 441 688 tamen
464 651 595 687 Minos
616 651 754 687 Cretas
774 651 824 687 ad
845 664 953 687 arma
974 656 1098 687 vocat.
1249 651 1326 688 350

120 721 249 752 terror
269 717 310 750 in
330 714 391 749 his
412 716 497 762 ipso
517 716 641 749 maior
661 713 765 750 solet
785 727 870 750 esse
891 713 1054 762 periclo,

175 790 332 827 quaque
353 779 497 813 timere
518 776 630 821 libet,
652 779 905 825 pertimuisse
925 776 1064 826 pudet.

124 840 250 888 Finge
272 845 422 884 tamen,
445 842 475 875 si
497 841 565 884 vis,
588 841 731 888 ingens
752 852 993 888 consurgere
1014 839 1219 875 bellum—

176 908 218 939 et
239 902 337 938 mihi
358 907 452 939 sunt
472 904 587 947 vires,
609 907 651 938 et
670 914 761 938 mea
781 901 863 938 tela
883 907 1043 938 nocent.

122 978 197 1001 nec
218 968 347 1001 minor
368 970 429 1001 est
450 966 569 1000 Asiae
591 978 710 1014 quam
731 969 886 1000 vestrae
907 967 1020 1013 copia
1041 970 1197 1008 terrae3
1249 966 1325 1002 355

175 1026 242 1062 illa
263 1029 354 1063 viris
374 1026 498 1071 dives,
520 1025 631 1062 dives
652 1025 831 1062 abundat
852 1028 975 1075 equis.

122 1103 197 1126 nec
218 1089 307 1138 plus
327 1089 492 1126 Atrides
512 1091 634 1124 animi
657 1088 866 1125 Menelaus
887 1088 1053 1125 habebit

176 1166 296 1202 quam
319 1152 426 1188 Paris
446 1157 516 1188 aut
536 1154 654 1188 armis
675 1151 964 1188 anteferendus
985 1154 1072 1188 erit.

122 1229 251 1266 paene
274 1228 374 1265 puer
394 1218 517 1252 caesis
538 1215 712 1251 abducta
731 1219 913 1251 armenta
934 1217 1081 1264 recepi,

178 1279 358 1315 hostibus
380 1283 422 1315 et
442 1291 600 1314 causam
620 1281 792 1314 nominis
813 1278 907 1314 inde
928 1278 1028 1322 tuli3
1248 1279 1326 1316 360

123 1355 251 1391 paene
272 1355 372 1391 puer
388 1344 556 1393 iuvenes
577 1344 683 1377 vario
704 1343 923 1378 certamine
944 1343 1034 1386 vici,

177 1407 218 1440 in
239 1405 382 1454 quibus
405 1404 580 1441 Ilioneus
602 1404 918 1454 Deiphobusque
939 1403 1039 1447 fuit3

124 1481 225 1504 neve
247 1473 376 1516 puteS,
398 1480 479 1503 non
499 1480 563 1504 me
584 1470 659 1504 nisi
680 1469 901 1503 comminus
922 1480 1008 1503 esse
1033 1467 1273 1512 timendum,

179 1530 314 1580 figitur
333 1533 374 1566 in
394 1533 499 1566 iusso
519 1535 654 1566 nostra
674 1532 821 1579 sagitta
840 1529 936 1566 loco.

124 1607 220 1629 num
241 1598 356 1642 potes
378 1593 477 1629 haec
497 1592 553 1628 illi
574 1595 725 1642 primae
746 1592 841 1629 dare
862 1592 968 1629 facta
988 1594 1204 1630 iuventae?
1250 1593 1326 1629 365

177 1659 376 1692 instruere
397 1656 570 1692 Atriden
591 1669 688 1691 num
708 1661 823 1705 potes
842 1661 928 1692 arte
948 1657 1066 1692 mea?

124 1722 256 1756 omnia
277 1722 308 1755 si
329 1719 501 1764 dederis2
523 1719 718 1768 numquid
739 1718 851 1755 dabis
874 1719 1053 1755 Hectora
1074 1718 1268 1755 fratrem?

177 1795 279 1818 unus
299 1784 331 1818 is
350 1784 550 1818 innumeri
570 1781 708 1817 militis
728 1783 853 1818 instar
873 1784 949 1817 erit
967 1781 974 1817 ἔ

124 1845 220 1895 quid
241 1845 393 1881 valeam
414 1847 554 1890 neseis,
577 1850 618 1881 et
638 1849 679 1881 te
700 1857 789 1880 mea
809 1845 949 1880 robora
969 1843 1140 1888 fallunt3

179 1910 349 1957 ignoras,
371 1910 433 1943 cui
455 1910 505 1943 sis
526 1912 653 1956 nupta
674 1906 807 1943 futura
827 1909 920 1943 viro.
1251 1906 1328 1945 370

254 2012 269 2025 α
293 2006 524 2044 Alexandros,
543 2009 723 2047 protector
739 2005 774 2037 of
790 2016 868 2036 men
887 2005 962 2047 (the
979 2005 1197 2047 shepherds).

127 2082 144 2105 2
154 2082 172 2104 2
181 2082 198 2104 2
