1409 2282
652 67 790 105 OVID

121 186 271 223 perque
288 176 409 210 trium
425 172 548 210 fortes
562 176 725 219 animas,
740 186 829 210 mea
844 176 1021 219 numina,
1041 173 1221 221 fratrum,
1247 176 1320 212 105

175 235 242 283 qui
263 233 367 269 bene
388 246 459 281 pro
479 235 607 281 patria
627 246 718 269 cum
740 236 947 283 patriaque
968 236 1126 278 iacent3

120 305 271 342 perque
292 298 408 329 tuum
428 298 689 342 nostrumque
711 298 843 342 caput,
865 306 966 343 quae
987 296 1187 331 iunximus
1210 308 1302 341 una,

174 365 324 402 perque
345 357 435 388 tuos
457 365 584 397 enses,
607 355 768 401 cognita
789 353 871 390 tela
890 355 1045 389 meis—

119 412 230 450 nulla
251 412 519 461 Mycenaeum
540 414 706 449 sociasse
728 412 873 449 cubilia
892 426 1051 449 mecum

174 475 258 509 iuro
277 485 286 516 3
315 471 525 508 fallentem
546 472 768 509 deseruisse
789 472 887 509 velis
907 473 913 508 !
1246 474 1321 510 110

119 535 150 569 51
170 532 245 569 tibi
264 545 371 568 nunc
392 531 521 568 dicam
538 545 545 568 :
576 536 599 552 “
615 531 842 578 fortissime,
864 537 908 569 tu
930 545 1087 582 quoque
1109 535 1193 569 iura

173 592 283 629 nulla
303 592 376 628 tibi
396 595 481 628 sine
502 605 566 629 me
587 592 732 641 gaudia
752 591 856 628 facta
875 592 881 627 !
898 592 918 604 ’'
941 605 1075 641 neges.

119 658 161 689 at
182 652 312 688 Danai
333 665 511 688 maerere
533 653 809 701 putant—tibi
829 652 982 701 plectra
1002 658 1228 698 moventur,

173 718 214 749 te
236 717 352 749 tenet
373 714 413 747 in
434 712 573 761 tepido
593 712 723 749 mollis
743 715 870 748 amica
890 715 978 749 sinu
999 713 1006 748 l

119 778 161 810 et
182 775 390 822 quisquam
404 771 416 795 1
438 775 606 821 quaerit,
627 785 748 822 quare
769 785 948 821 pugnare
970 774 1155 809 recuses?
1248 774 1321 810 115

173 845 309 881 pugna
329 837 461 876 nocet,
483 831 659 868 citharae
680 844 838 881 noxque
861 832 1077 881 Venusque
1098 835 1246 869 iuvant.

118 895 245 929 tutius
267 897 329 928 est
348 894 513 927 iacuisse
535 896 635 936 toro,
655 894 834 928 tenuisse
855 891 1043 940 puellam,

173 951 398 988 Threiciam
419 951 555 1000 digitis
576 953 819 1000 increpuisse
840 951 978 1001 lyram,

119 1025 238 1061 quam
258 1012 440 1047 manibus
461 1010 609 1059 clipeos
630 1015 672 1047 et
691 1016 831 1047 acutae
853 1011 1025 1060 cuspidis
1045 1011 1214 1058 hastam,

174 1077 216 1108 et
236 1071 391 1120 galeam
411 1083 546 1119 pressa
566 1073 799 1107 sustinuisse
820 1084 942 1106 coma.
1247 1073 1321 1109 120

120 1131 200 1169 Sed
220 1132 294 1168 tibi
315 1144 386 1180 pio
406 1133 505 1166 tutis
526 1133 697 1179 insignia
717 1129 822 1166 facta
842 1130 893 1179 pl·
886 1131 1068 1177 1661)1111’ῡ,

173 1196 365 1241 partaque
387 1189 574 1226 bellando
594 1189 719 1239 gloria
739 1189 866 1226 dulcis
888 1196 983 1227 elat.

118 1265 170 1288 1111
190 1256 350 1288 tantum
383 1250 477 1286 dum
500 1263 564 1286 me
586 1263 704 1298 capel
707 1263 760 1295 es,
783 1249 867 1286 f·e1a
887 1250 992 1287 bella
1013 1236 1220 1300 probabas

173 1324 343 1360 cumque
364 1323 453 1346 mea
473 1312 600 1359 patria
619 1309 703 1346 laus
724 1315 794 1346 tua
813 1313 919 1347 victa
938 1312 1070 1347 iacet?

119 1372 159 1408 di
179 1371 344 1408 melius!
376 1369 599 1419 validoque,
620 1383 772 1418 precor,
795 1371 948 1407 vibrata
968 1370 1118 1407 lacerto
1246 1373 1319 1408 125

172 1435 351 1468 transeat
374 1430 625 1466 Hectoreum
647 1429 774 1466 Pelias
796 1429 910 1466 hasta
929 1430 1032 1467 latus
1051 1431 1058 1466 !

118 1493 270 1527 mittite
290 1503 368 1535 me,
391 1489 520 1525 Danai
538 1489 544 1525 l
567 1489 773 1525 dominum
794 1489 928 1538 legata
947 1490 1094 1539 rogabo

172 1549 379 1599 multaque
399 1548 598 1585 mandatis
619 1548 752 1585 oscula
771 1551 896 1585 mixta
916 1548 1051 1585 feram.

119 1609 206 1659 plus
229 1623 304 1659 ego
324 1622 443 1658 quam
464 1607 656 1653 PhoeniX,
678 1608 766 1657 plus
787 1621 905 1658 quam
925 1608 1120 1646 facundus
1143 1610 1294 1656 Ulixes,

172 1669 260 1719 plus
283 1682 357 1718 ego
377 1682 496 1719 quam
516 1667 672 1713 Teucri,
693 1668 858 1714 credite,
879 1669 1002 1706 frater
1021 1683 1146 1719 agam.
1245 1671 1320 1708 130

162 1762 173 1782 ¹
197 1762 241 1794 So
260 1762 310 1794 G:
345 1762 374 1792 si
391 1761 574 1802 quisquam
594 1761 765 1801 (quisquis
779 1762 804 1799 7)
824 1761 875 1792 P:
898 1766 933 1792 et
953 1762 983 1792 si
1006 1762 1084 1802 quis
1109 1774 1153 1793 w:
1175 1766 1211 1794 et
1227 1763 1318 1804 quis-

118 1807 197 1848 quis
217 1819 230 1838 ς
244 1819 250 1837 :
277 1806 305 1836 si
322 1805 400 1846 quis
417 1815 508 1835 nunc
524 1807 672 1845 quaerat
689 1815 727 1835 or
744 1805 772 1835 si
789 1805 867 1845 quis
884 1804 976 1836 forte
992 1808 1091 1846 roget
1110 1806 1204 1838 Benc.

162 1890 177 1903 ‘²
200 1883 353 1915 Because
370 1882 528 1923 Orpheus
547 1892 615 1912 was
633 1892 652 1912 a
669 1881 851 1913 Thiacian.

160 1928 173 1947 ὃ
197 1927 242 1968 Aj
246 1937 300 1958 ax.
350 1926 423 1957 The
440 1925 539 1956 tlnee
556 1935 646 1956 were
670 1924 731 1956 the
747 1924 945 1966 delegation
969 1929 1047 1957 sent
1071 1925 1118 1968 by
1135 1927 1316 1969 Agamem-

118 1982 187 2001 non
204 1975 241 2002 to
258 1970 342 2002 offei
362 1972 397 2001 to
415 1968 515 2000 make
532 1968 685 1999 amends.

120 2047 170 2079 40
