<?xml version="1.0" encoding="UTF-8"?>
<!DOCTYPE html PUBLIC "-//W3C//DTD XHTML 1.0 Transitional//EN"
    "http://www.w3.org/TR/xhtml1/DTD/xhtml1-transitional.dtd">
<html xmlns="http://www.w3.org/1999/xhtml" xml:lang="en" lang="en">
 <head>
  <title>
</title>
<meta http-equiv="Content-Type" content="text/html;charset=utf-8" />
  <meta name='ocr-system' content='tesseract 3.04.00' />
  <meta name='ocr-capabilities' content='ocr_page ocr_carea ocr_par ocr_line ocrx_word'/>
</head>
<body>
  <div class='ocr_page' id='page_1' title='image "./heroidesamores00ovid_0390.png"; bbox 0 0 1445 2297; ppageno 0'>
   <div class='ocr_carea' id='block_1_1' title="bbox 679 81 819 119">
    <p class='ocr_par' dir='ltr' id='par_1_1' title="bbox 679 81 819 119">
     <span class='ocr_line' id='line_1_1' title="bbox 679 81 819 119; baseline -0.007 0"><span class='ocrx_word' id='word_1_1' title='bbox 679 81 819 119; x_wconf 92' lang='lat' dir='ltr'>OVID</span> 
     </span>
    </p>
   </div>
   <div class='ocr_carea' id='block_1_2' title="bbox 102 187 1368 1781">
    <p class='ocr_par' dir='ltr' id='par_1_2' title="bbox 144 187 1352 288">
     <span class='ocr_line' id='line_1_2' title="bbox 144 187 1352 238; baseline -0.001 -13"><span class='ocrx_word' id='word_1_2' title='bbox 144 201 263 238; x_wconf 86' lang='lat' dir='ltr'>quam</span> <span class='ocrx_word' id='word_1_3' title='bbox 284 201 327 225; x_wconf 91' lang='lat' dir='ltr'>se</span> <span class='ocrx_word' id='word_1_4' title='bbox 348 188 621 238; x_wconf 88' lang='lat' dir='ltr'>praebuerunt</span> <span class='ocrx_word' id='word_1_5' title='bbox 641 187 747 224; x_wconf 86' lang='lat' dir='ltr'>ferro</span> <span class='ocrx_word' id='word_1_6' title='bbox 768 190 973 237; x_wconf 72' lang='lat' dir='ltr'>patienter</span> <span class='ocrx_word' id='word_1_7' title='bbox 994 193 1037 224; x_wconf 85' lang='lat' dir='ltr'>et</span> <span class='ocrx_word' id='word_1_8' title='bbox 1056 190 1155 237; x_wconf 84' lang='lat' dir='ltr'>igni,</span> <span class='ocrx_word' id='word_1_9' title='bbox 1303 188 1352 224; x_wconf 84' lang='lat'>25</span> 
     </span>
     <span class='ocr_line' id='line_1_3' title="bbox 198 250 971 288; baseline -0.003 0"><span class='ocrx_word' id='word_1_10' title='bbox 198 256 245 288; x_wconf 90' lang='lat' dir='ltr'>ut</span> <span class='ocrx_word' id='word_1_11' title='bbox 265 250 379 288; x_wconf 89' lang='lat' dir='ltr'>fieret</span> <span class='ocrx_word' id='word_1_12' title='bbox 398 255 506 288; x_wconf 79' lang='lat' dir='ltr'>torto</span> <span class='ocrx_word' id='word_1_13' title='bbox 526 250 669 287; x_wconf 83' lang='lat' dir='ltr'>nexilis</span> <span class='ocrx_word' id='word_1_14' title='bbox 687 250 700 273; x_wconf 77' lang='lat'>1</span> <span class='ocrx_word' id='word_1_15' title='bbox 722 250 818 287; x_wconf 92' lang='lat' dir='ltr'>orbe</span> <span class='ocrx_word' id='word_1_16' title='bbox 839 250 971 287; x_wconf 85' lang='lat' dir='ltr'>sinus!</span> 
     </span>
    </p>

    <p class='ocr_par' dir='ltr' id='par_1_3' title="bbox 144 312 1271 425">
     <span class='ocr_line' id='line_1_4' title="bbox 144 312 1271 357; baseline -0.001 -8"><span class='ocrx_word' id='word_1_17' title='bbox 144 312 389 350; x_wconf 80' lang='lat' dir='ltr'>clamabam:</span> <span class='ocrx_word' id='word_1_18' title='bbox 423 316 443 333; x_wconf 70' lang='lat'>‘⁶</span> <span class='ocrx_word' id='word_1_19' title='bbox 458 312 586 349; x_wconf 86' lang='lat' dir='ltr'>scelus</span> <span class='ocrx_word' id='word_1_20' title='bbox 608 318 671 350; x_wconf 88' lang='lat' dir='ltr'>est</span> <span class='ocrx_word' id='word_1_21' title='bbox 692 316 803 357; x_wconf 88' lang='lat' dir='ltr'>istos,</span> <span class='ocrx_word' id='word_1_22' title='bbox 825 312 955 350; x_wconf 87' lang='lat' dir='ltr'>scelus</span> <span class='ocrx_word' id='word_1_23' title='bbox 977 325 1093 350; x_wconf 90' lang='lat' dir='ltr'>urere</span> <span class='ocrx_word' id='word_1_24' title='bbox 1114 316 1245 350; x_wconf 89' lang='lat' dir='ltr'>crines</span> <span class='ocrx_word' id='word_1_25' title='bbox 1265 313 1271 348; x_wconf 88' lang='lat'>!</span> 
     </span>
     <span class='ocr_line' id='line_1_5' title="bbox 202 375 1131 425; baseline -0.001 -13"><span class='ocrx_word' id='word_1_26' title='bbox 202 380 347 425; x_wconf 89' lang='lat' dir='ltr'>sponte</span> <span class='ocrx_word' id='word_1_27' title='bbox 369 375 519 412; x_wconf 88' lang='lat' dir='ltr'>decent</span> <span class='ocrx_word' id='word_1_28' title='bbox 536 388 543 419; x_wconf 85' lang='lat'>;</span> <span class='ocrx_word' id='word_1_29' title='bbox 573 378 709 425; x_wconf 78' lang='lat' dir='ltr'>capiti,</span> <span class='ocrx_word' id='word_1_30' title='bbox 730 375 874 420; x_wconf 78' lang='lat' dir='ltr'>ferrea,</span> <span class='ocrx_word' id='word_1_31' title='bbox 895 388 1013 424; x_wconf 85' lang='lat' dir='ltr'>parce</span> <span class='ocrx_word' id='word_1_32' title='bbox 1033 380 1105 412; x_wconf 86' lang='lat' dir='ltr'>tuo</span> <span class='ocrx_word' id='word_1_33' title='bbox 1125 375 1131 411; x_wconf 76' lang='grc' dir='ltr'>ἔ</span> 
     </span>
    </p>

    <p class='ocr_par' dir='ltr' id='par_1_4' title="bbox 146 437 1356 551">
     <span class='ocr_line' id='line_1_6' title="bbox 146 437 1283 488; baseline 0 -13"><span class='ocrx_word' id='word_1_34' title='bbox 146 441 226 475; x_wconf 90' lang='lat' dir='ltr'>vim</span> <span class='ocrx_word' id='word_1_35' title='bbox 246 438 383 488; x_wconf 84' lang='lat' dir='ltr'>procul</span> <span class='ocrx_word' id='word_1_36' title='bbox 406 437 500 474; x_wconf 87' lang='lat' dir='ltr'>hinc</span> <span class='ocrx_word' id='word_1_37' title='bbox 522 452 683 476; x_wconf 89' lang='lat' dir='ltr'>remove</span> <span class='ocrx_word' id='word_1_38' title='bbox 702 439 709 475; x_wconf 81' lang='lat'>1</span> <span class='ocrx_word' id='word_1_39' title='bbox 741 451 822 475; x_wconf 94' lang='lat' dir='ltr'>non</span> <span class='ocrx_word' id='word_1_40' title='bbox 843 444 919 483; x_wconf 77' lang='lat' dir='ltr'>est,</span> <span class='ocrx_word' id='word_1_41' title='bbox 940 441 1007 488; x_wconf 92' lang='lat' dir='ltr'>qui</span> <span class='ocrx_word' id='word_1_42' title='bbox 1028 438 1177 475; x_wconf 85' lang='lat' dir='ltr'>debeat</span> <span class='ocrx_word' id='word_1_43' title='bbox 1198 441 1256 475; x_wconf 85' lang='lat' dir='ltr'>uri</span> <span class='ocrx_word' id='word_1_44' title='bbox 1274 451 1283 482; x_wconf 67' lang='grc' dir='ltr'><strong>ς</strong></span> 
     </span>
     <span class='ocr_line' id='line_1_7' title="bbox 201 500 1356 551; baseline 0 -13"><span class='ocrx_word' id='word_1_45' title='bbox 201 501 336 538; x_wconf 82' lang='lat' dir='ltr'>erudit</span> <span class='ocrx_word' id='word_1_46' title='bbox 349 500 364 524; x_wconf 78' lang='lat'>2</span> <span class='ocrx_word' id='word_1_47' title='bbox 383 501 565 538; x_wconf 87' lang='lat' dir='ltr'>admotas</span> <span class='ocrx_word' id='word_1_48' title='bbox 586 504 671 551; x_wconf 89' lang='lat' dir='ltr'>ipse</span> <span class='ocrx_word' id='word_1_49' title='bbox 693 501 859 551; x_wconf 84' lang='lat' dir='ltr'>capillus</span> <span class='ocrx_word' id='word_1_50' title='bbox 880 500 1012 537; x_wconf 86' lang='lat' dir='ltr'>acus.’&#39;</span> <span class='ocrx_word' id='word_1_51' title='bbox 1307 501 1356 538; x_wconf 90' lang='lat'>30</span> 
     </span>
    </p>

    <p class='ocr_par' dir='ltr' id='par_1_5' title="bbox 149 562 1177 675">
     <span class='ocr_line' id='line_1_8' title="bbox 149 562 1177 613; baseline 0 -14"><span class='ocrx_word' id='word_1_52' title='bbox 149 563 360 600; x_wconf 81' lang='lat' dir='ltr'>Formosae</span> <span class='ocrx_word' id='word_1_53' title='bbox 381 566 537 613; x_wconf 86' lang='lat' dir='ltr'>periere</span> <span class='ocrx_word' id='word_1_54' title='bbox 558 576 850 613; x_wconf 82' lang='lat' dir='ltr'>comae—quas</span> <span class='ocrx_word' id='word_1_55' title='bbox 871 562 996 599; x_wconf 86' lang='lat' dir='ltr'>vellet</span> <span class='ocrx_word' id='word_1_56' title='bbox 1018 562 1177 612; x_wconf 81' lang='lat' dir='ltr'>Apollo,</span> 
     </span>
     <span class='ocr_line' id='line_1_9' title="bbox 201 624 1051 675; baseline -0.001 -13"><span class='ocrx_word' id='word_1_57' title='bbox 201 638 298 675; x_wconf 83' lang='lat' dir='ltr'>quas</span> <span class='ocrx_word' id='word_1_58' title='bbox 318 624 443 661; x_wconf 88' lang='lat' dir='ltr'>vellet</span> <span class='ocrx_word' id='word_1_59' title='bbox 464 627 582 674; x_wconf 86' lang='lat' dir='ltr'>capiti</span> <span class='ocrx_word' id='word_1_60' title='bbox 607 625 786 661; x_wconf 84' lang='lat' dir='ltr'>Bacchus</span> <span class='ocrx_word' id='word_1_61' title='bbox 807 628 938 662; x_wconf 88' lang='lat' dir='ltr'>inesse</span> <span class='ocrx_word' id='word_1_62' title='bbox 958 625 1051 662; x_wconf 92' lang='lat' dir='ltr'>suo!</span> 
     </span>
    </p>

    <p class='ocr_par' dir='ltr' id='par_1_6' title="bbox 147 687 1124 801">
     <span class='ocr_line' id='line_1_10' title="bbox 147 687 1124 738; baseline 0 -13"><span class='ocrx_word' id='word_1_63' title='bbox 147 688 226 725; x_wconf 89' lang='lat' dir='ltr'>illis</span> <span class='ocrx_word' id='word_1_64' title='bbox 247 687 500 733; x_wconf 76' lang='lat' dir='ltr'>contulerim,</span> <span class='ocrx_word' id='word_1_65' title='bbox 523 700 620 737; x_wconf 88' lang='lat' dir='ltr'>quas</span> <span class='ocrx_word' id='word_1_66' title='bbox 640 688 841 738; x_wconf 89' lang='lat' dir='ltr'>quondam</span> <span class='ocrx_word' id='word_1_67' title='bbox 863 687 972 724; x_wconf 83' lang='lat' dir='ltr'>nuda</span> <span class='ocrx_word' id='word_1_68' title='bbox 993 687 1124 725; x_wconf 87' lang='lat' dir='ltr'>Dione</span> 
     </span>
     <span class='ocr_line' id='line_1_11' title="bbox 203 753 978 801; baseline 0.001 -14"><span class='ocrx_word' id='word_1_69' title='bbox 203 753 385 801; x_wconf 80' lang='lat' dir='ltr'>pingitur</span> <span class='ocrx_word' id='word_1_70' title='bbox 406 753 561 787; x_wconf 81' lang='lat' dir='ltr'>umenti</span> <span class='ocrx_word' id='word_1_71' title='bbox 584 754 825 788; x_wconf 78' lang='lat' dir='ltr'>sustinuisse</span> <span class='ocrx_word' id='word_1_72' title='bbox 846 765 978 788; x_wconf 88' lang='lat' dir='ltr'>manu.</span> 
     </span>
    </p>

    <p class='ocr_par' dir='ltr' id='par_1_7' title="bbox 150 813 1359 926">
     <span class='ocr_line' id='line_1_12' title="bbox 150 813 1359 865; baseline -0.001 -14"><span class='ocrx_word' id='word_1_73' title='bbox 150 814 248 865; x_wconf 90' lang='lat' dir='ltr'>quid</span> <span class='ocrx_word' id='word_1_74' title='bbox 267 813 372 850; x_wconf 89' lang='lat' dir='ltr'>male</span> <span class='ocrx_word' id='word_1_75' title='bbox 393 813 607 863; x_wconf 88' lang='lat' dir='ltr'>dispositos</span> <span class='ocrx_word' id='word_1_76' title='bbox 628 817 807 864; x_wconf 86' lang='lat' dir='ltr'>quereris</span> <span class='ocrx_word' id='word_1_77' title='bbox 828 816 993 864; x_wconf 85' lang='lat' dir='ltr'>periisse</span> <span class='ocrx_word' id='word_1_78' title='bbox 1015 813 1207 863; x_wconf 77' lang='lat' dir='ltr'>capillos?</span> <span class='ocrx_word' id='word_1_79' title='bbox 1310 814 1359 850; x_wconf 87' lang='grc'>35</span> 
     </span>
     <span class='ocr_line' id='line_1_13' title="bbox 205 876 1198 926; baseline 0 -14"><span class='ocrx_word' id='word_1_80' title='bbox 205 876 302 926; x_wconf 87' lang='lat' dir='ltr'>quid</span> <span class='ocrx_word' id='word_1_81' title='bbox 322 876 530 925; x_wconf 87' lang='lat' dir='ltr'>speculum</span> <span class='ocrx_word' id='word_1_82' title='bbox 551 882 705 913; x_wconf 78' lang='lat' dir='ltr'>maesta</span> <span class='ocrx_word' id='word_1_83' title='bbox 724 879 852 926; x_wconf 61' lang='lat' dir='ltr'>ponisJ</span> <span class='ocrx_word' id='word_1_84' title='bbox 874 879 1026 926; x_wconf 81' lang='lat' dir='ltr'>inepta,</span> <span class='ocrx_word' id='word_1_85' title='bbox 1046 890 1166 913; x_wconf 85' lang='lat' dir='ltr'>manu</span> <span class='ocrx_word' id='word_1_86' title='bbox 1184 877 1198 912; x_wconf 90' lang='lat'>?</span> 
     </span>
    </p>

    <p class='ocr_par' dir='ltr' id='par_1_8' title="bbox 152 938 1091 1051">
     <span class='ocr_line' id='line_1_14' title="bbox 152 938 1091 988; baseline 0 -13"><span class='ocrx_word' id='word_1_87' title='bbox 152 952 232 976; x_wconf 89' lang='lat' dir='ltr'>non</span> <span class='ocrx_word' id='word_1_88' title='bbox 252 939 359 975; x_wconf 90' lang='lat' dir='ltr'>bene</span> <span class='ocrx_word' id='word_1_89' title='bbox 381 941 584 975; x_wconf 82' lang='lat' dir='ltr'>consuetis</span> <span class='ocrx_word' id='word_1_90' title='bbox 605 952 626 974; x_wconf 79' lang='lat' dir='ltr'>a</span> <span class='ocrx_word' id='word_1_91' title='bbox 647 944 689 975; x_wconf 90' lang='lat' dir='ltr'>te</span> <span class='ocrx_word' id='word_1_92' title='bbox 714 941 907 988; x_wconf 79' lang='lat' dir='ltr'>spectaris</span> <span class='ocrx_word' id='word_1_93' title='bbox 928 938 1091 982; x_wconf 86' lang='lat' dir='ltr'>ocellis;</span> 
     </span>
     <span class='ocr_line' id='line_1_15' title="bbox 206 1001 1008 1051; baseline -0.001 -13"><span class='ocrx_word' id='word_1_94' title='bbox 206 1007 251 1039; x_wconf 85' lang='lat' dir='ltr'>ut</span> <span class='ocrx_word' id='word_1_95' title='bbox 272 1001 442 1051; x_wconf 86' lang='lat' dir='ltr'>placeas,</span> <span class='ocrx_word' id='word_1_96' title='bbox 463 1001 589 1038; x_wconf 87' lang='lat' dir='ltr'>debes</span> <span class='ocrx_word' id='word_1_97' title='bbox 611 1003 810 1038; x_wconf 85' lang='lat' dir='ltr'>inmemor</span> <span class='ocrx_word' id='word_1_98' title='bbox 829 1014 916 1038; x_wconf 90' lang='lat' dir='ltr'>esse</span> <span class='ocrx_word' id='word_1_99' title='bbox 937 1004 1008 1038; x_wconf 82' lang='lat' dir='ltr'>tui.</span> 
     </span>
    </p>

    <p class='ocr_par' dir='ltr' id='par_1_9' title="bbox 152 1064 1363 1177">
     <span class='ocr_line' id='line_1_16' title="bbox 152 1064 1093 1114; baseline 0 -13"><span class='ocrx_word' id='word_1_100' title='bbox 152 1078 233 1101; x_wconf 91' lang='lat' dir='ltr'>non</span> <span class='ocrx_word' id='word_1_101' title='bbox 253 1069 295 1102; x_wconf 87' lang='lat' dir='ltr'>te</span> <span class='ocrx_word' id='word_1_102' title='bbox 317 1069 502 1101; x_wconf 86' lang='lat' dir='ltr'>cantatae</span> <span class='ocrx_word' id='word_1_103' title='bbox 522 1064 728 1101; x_wconf 89' lang='lat' dir='ltr'>laeserunt</span> <span class='ocrx_word' id='word_1_104' title='bbox 748 1064 910 1114; x_wconf 80' lang='lat' dir='ltr'>paelicis</span> <span class='ocrx_word' id='word_1_105' title='bbox 930 1064 1093 1110; x_wconf 82' lang='lat' dir='ltr'>herbae,</span> 
     </span>
     <span class='ocr_line' id='line_1_17' title="bbox 206 1126 1363 1177; baseline 0.001 -14"><span class='ocrx_word' id='word_1_106' title='bbox 206 1140 288 1163; x_wconf 93' lang='lat' dir='ltr'>non</span> <span class='ocrx_word' id='word_1_107' title='bbox 307 1140 407 1163; x_wconf 86' lang='lat' dir='ltr'>anus</span> <span class='ocrx_word' id='word_1_108' title='bbox 430 1126 656 1163; x_wconf 84' lang='lat' dir='ltr'>Haemonia</span> <span class='ocrx_word' id='word_1_109' title='bbox 676 1126 826 1176; x_wconf 84' lang='lat' dir='ltr'>perfida</span> <span class='ocrx_word' id='word_1_110' title='bbox 847 1127 945 1164; x_wconf 85' lang='lat' dir='ltr'>lavit</span> <span class='ocrx_word' id='word_1_111' title='bbox 964 1140 1067 1177; x_wconf 88' lang='lat' dir='ltr'>aqua</span> <span class='ocrx_word' id='word_1_112' title='bbox 1084 1139 1092 1171; x_wconf 90' lang='lat'>;</span> <span class='ocrx_word' id='word_1_113' title='bbox 1313 1127 1363 1164; x_wconf 85' lang='lat'>40</span> 
     </span>
    </p>

    <p class='ocr_par' dir='ltr' id='par_1_10' title="bbox 154 1189 1284 1302">
     <span class='ocr_line' id='line_1_18' title="bbox 154 1189 1284 1239; baseline 0 -13"><span class='ocrx_word' id='word_1_114' title='bbox 154 1204 229 1227; x_wconf 87' lang='lat' dir='ltr'>nec</span> <span class='ocrx_word' id='word_1_115' title='bbox 250 1190 324 1226; x_wconf 86' lang='lat' dir='ltr'>tibi</span> <span class='ocrx_word' id='word_1_116' title='bbox 346 1192 402 1226; x_wconf 89' lang='lat' dir='ltr'>vis</span> <span class='ocrx_word' id='word_1_117' title='bbox 422 1190 550 1226; x_wconf 88' lang='lat' dir='ltr'>morbi</span> <span class='ocrx_word' id='word_1_118' title='bbox 571 1189 900 1239; x_wconf 84' lang='lat' dir='ltr'>nocuit—procul</span> <span class='ocrx_word' id='word_1_119' title='bbox 924 1202 1043 1226; x_wconf 90' lang='lat' dir='ltr'>omen</span> <span class='ocrx_word' id='word_1_120' title='bbox 1064 1189 1204 1226; x_wconf 86' lang='lat' dir='ltr'>abesto</span> <span class='ocrx_word' id='word_1_121' title='bbox 1221 1190 1284 1226; x_wconf 88' lang='lat'>!—</span> 
     </span>
     <span class='ocr_line' id='line_1_19' title="bbox 209 1252 1097 1302; baseline 0 -13"><span class='ocrx_word' id='word_1_122' title='bbox 209 1266 285 1289; x_wconf 90' lang='lat' dir='ltr'>nec</span> <span class='ocrx_word' id='word_1_123' title='bbox 307 1255 454 1289; x_wconf 91' lang='lat' dir='ltr'>minuit</span> <span class='ocrx_word' id='word_1_124' title='bbox 475 1253 619 1289; x_wconf 80' lang='lat' dir='ltr'>densas</span> <span class='ocrx_word' id='word_1_125' title='bbox 640 1252 775 1289; x_wconf 86' lang='lat' dir='ltr'>invida</span> <span class='ocrx_word' id='word_1_126' title='bbox 796 1253 934 1302; x_wconf 82' lang='lat' dir='ltr'>lingua</span> <span class='ocrx_word' id='word_1_127' title='bbox 955 1265 1097 1289; x_wconf 89' lang='lat' dir='ltr'>comas.</span> 
     </span>
    </p>

    <p class='ocr_par' dir='ltr' id='par_1_11' title="bbox 102 1315 1115 1428">
     <span class='ocr_line' id='line_1_20' title="bbox 102 1315 1115 1365; baseline -0.001 -12"><span class='ocrx_word' id='word_1_128' title='bbox 102 1353 106 1356; x_wconf 70' lang='grc'>,</span> <span class='ocrx_word' id='word_1_129' title='bbox 155 1316 262 1353; x_wconf 88' lang='lat' dir='ltr'>facta</span> <span class='ocrx_word' id='word_1_130' title='bbox 282 1329 403 1352; x_wconf 87' lang='lat' dir='ltr'>manu</span> <span class='ocrx_word' id='word_1_131' title='bbox 424 1315 622 1365; x_wconf 78' lang='lat' dir='ltr'>culpaque</span> <span class='ocrx_word' id='word_1_132' title='bbox 643 1321 713 1352; x_wconf 87' lang='lat' dir='ltr'>tua</span> <span class='ocrx_word' id='word_1_133' title='bbox 733 1315 945 1364; x_wconf 86' lang='lat' dir='ltr'>dispendia</span> <span class='ocrx_word' id='word_1_134' title='bbox 966 1317 1115 1359; x_wconf 86' lang='lat' dir='ltr'>sentis;</span> 
     </span>
     <span class='ocr_line' id='line_1_21' title="bbox 210 1377 1002 1428; baseline 0 -14"><span class='ocrx_word' id='word_1_135' title='bbox 210 1381 294 1428; x_wconf 87' lang='lat' dir='ltr'>ipsa</span> <span class='ocrx_word' id='word_1_136' title='bbox 314 1377 437 1415; x_wconf 88' lang='lat' dir='ltr'>dabas</span> <span class='ocrx_word' id='word_1_137' title='bbox 458 1380 579 1427; x_wconf 85' lang='lat' dir='ltr'>capiti</span> <span class='ocrx_word' id='word_1_138' title='bbox 600 1381 726 1414; x_wconf 80' lang='lat' dir='ltr'>mixta</span> <span class='ocrx_word' id='word_1_139' title='bbox 745 1390 901 1414; x_wconf 85' lang='lat' dir='ltr'>venena</span> <span class='ocrx_word' id='word_1_140' title='bbox 921 1383 1002 1414; x_wconf 91' lang='lat' dir='ltr'>tuo.</span> 
     </span>
    </p>

    <p class='ocr_par' dir='ltr' id='par_1_12' title="bbox 159 1440 1364 1552">
     <span class='ocr_line' id='line_1_22' title="bbox 159 1440 1364 1490; baseline -0.002 -12"><span class='ocrx_word' id='word_1_141' title='bbox 159 1442 277 1478; x_wconf 90' lang='lat' dir='ltr'>Nunc</span> <span class='ocrx_word' id='word_1_142' title='bbox 298 1441 372 1477; x_wconf 79' lang='lat' dir='ltr'>tibi</span> <span class='ocrx_word' id='word_1_143' title='bbox 394 1444 571 1490; x_wconf 81' lang='lat' dir='ltr'>captivos</span> <span class='ocrx_word' id='word_1_144' title='bbox 591 1443 731 1478; x_wconf 90' lang='lat' dir='ltr'>mittet</span> <span class='ocrx_word' id='word_1_145' title='bbox 751 1440 968 1477; x_wconf 83' lang='lat' dir='ltr'>Germania</span> <span class='ocrx_word' id='word_1_146' title='bbox 997 1442 1149 1484; x_wconf 85' lang='lat' dir='ltr'>crines;</span> <span class='ocrx_word' id='word_1_147' title='bbox 1315 1440 1364 1476; x_wconf 84' lang='lat'>45</span> 
     </span>
     <span class='ocr_line' id='line_1_23' title="bbox 210 1503 1058 1552; baseline 0 -13"><span class='ocrx_word' id='word_1_148' title='bbox 210 1503 318 1540; x_wconf 80' lang='lat' dir='ltr'>culta</span> <span class='ocrx_word' id='word_1_149' title='bbox 336 1503 608 1552; x_wconf 85' lang='lat' dir='ltr'>triumphatae</span> <span class='ocrx_word' id='word_1_150' title='bbox 629 1516 797 1540; x_wconf 88' lang='lat' dir='ltr'>munere</span> <span class='ocrx_word' id='word_1_151' title='bbox 818 1506 952 1552; x_wconf 85' lang='lat' dir='ltr'>gentis</span> <span class='ocrx_word' id='word_1_152' title='bbox 971 1505 1058 1540; x_wconf 88' lang='lat' dir='ltr'>eris.</span> 
     </span>
    </p>

    <p class='ocr_par' dir='ltr' id='par_1_13' title="bbox 156 1563 1170 1673">
     <span class='ocr_line' id='line_1_24' title="bbox 156 1563 1151 1614; baseline -0.001 -14"><span class='ocrx_word' id='word_1_153' title='bbox 156 1578 179 1600; x_wconf 93' lang='lat' dir='ltr'>o</span> <span class='ocrx_word' id='word_1_154' title='bbox 200 1577 319 1614; x_wconf 82' lang='lat' dir='ltr'>quam</span> <span class='ocrx_word' id='word_1_155' title='bbox 339 1576 459 1612; x_wconf 87' lang='lat' dir='ltr'>saepe</span> <span class='ocrx_word' id='word_1_156' title='bbox 480 1576 611 1600; x_wconf 83' lang='lat' dir='ltr'>comas</span> <span class='ocrx_word' id='word_1_157' title='bbox 631 1563 764 1613; x_wconf 89' lang='lat' dir='ltr'>aliquo</span> <span class='ocrx_word' id='word_1_158' title='bbox 784 1565 956 1600; x_wconf 82' lang='lat' dir='ltr'>mirante</span> <span class='ocrx_word' id='word_1_159' title='bbox 976 1563 1151 1609; x_wconf 82' lang='lat' dir='ltr'>rubebis,</span> 
     </span>
     <span class='ocr_line' id='line_1_25' title="bbox 212 1623 1170 1673; baseline -0.001 -12"><span class='ocrx_word' id='word_1_160' title='bbox 212 1629 255 1661; x_wconf 85' lang='lat' dir='ltr'>et</span> <span class='ocrx_word' id='word_1_161' title='bbox 274 1623 383 1661; x_wconf 88' lang='lat' dir='ltr'>dices</span> <span class='ocrx_word' id='word_1_162' title='bbox 401 1637 408 1660; x_wconf 90' lang='lat'><strong>:</strong></span> <span class='ocrx_word' id='word_1_163' title='bbox 437 1628 462 1644; x_wconf 85' lang='lat'><em>“</em></span> <span class='ocrx_word' id='word_1_164' title='bbox 476 1629 612 1673; x_wconf 82' lang='lat' dir='ltr'>empta</span> <span class='ocrx_word' id='word_1_165' title='bbox 632 1637 739 1660; x_wconf 90' lang='lat' dir='ltr'>nunc</span> <span class='ocrx_word' id='word_1_166' title='bbox 760 1637 836 1673; x_wconf 84' lang='lat' dir='ltr'>ego</span> <span class='ocrx_word' id='word_1_167' title='bbox 856 1636 989 1660; x_wconf 90' lang='lat' dir='ltr'>merce</span> <span class='ocrx_word' id='word_1_168' title='bbox 1011 1625 1170 1673; x_wconf 88' lang='lat' dir='ltr'>probor,</span> 
     </span>
    </p>

    <p class='ocr_par' dir='ltr' id='par_1_14' title="bbox 159 1684 1368 1781">
     <span class='ocr_line' id='line_1_26' title="bbox 159 1684 1284 1734; baseline -0.001 -13"><span class='ocrx_word' id='word_1_169' title='bbox 159 1687 294 1721; x_wconf 88' lang='lat' dir='ltr'>nescio</span> <span class='ocrx_word' id='word_1_170' title='bbox 314 1698 433 1734; x_wconf 87' lang='lat' dir='ltr'>quam</span> <span class='ocrx_word' id='word_1_171' title='bbox 453 1697 524 1734; x_wconf 88' lang='lat' dir='ltr'>pro</span> <span class='ocrx_word' id='word_1_172' title='bbox 544 1697 609 1721; x_wconf 89' lang='lat' dir='ltr'>me</span> <span class='ocrx_word' id='word_1_173' title='bbox 629 1684 767 1721; x_wconf 87' lang='lat' dir='ltr'>laudat</span> <span class='ocrx_word' id='word_1_174' title='bbox 786 1697 894 1720; x_wconf 85' lang='lat' dir='ltr'>nunc</span> <span class='ocrx_word' id='word_1_175' title='bbox 914 1687 990 1721; x_wconf 81' lang='lat' dir='ltr'>iste</span> <span class='ocrx_word' id='word_1_176' title='bbox 1012 1684 1284 1734; x_wconf 78' lang='lat' dir='ltr'>Sygambram.</span> 
     </span>
     <span class='ocr_line' id='line_1_27' title="bbox 216 1744 1368 1781; baseline 0 -1"><span class='ocrx_word' id='word_1_177' title='bbox 216 1744 322 1781; x_wconf 87' lang='lat' dir='ltr'>fama</span> <span class='ocrx_word' id='word_1_178' title='bbox 341 1750 480 1781; x_wconf 85' lang='lat' dir='ltr'>tamen</span> <span class='ocrx_word' id='word_1_179' title='bbox 500 1747 667 1781; x_wconf 83' lang='lat' dir='ltr'>memini</span> <span class='ocrx_word' id='word_1_180' title='bbox 688 1757 779 1781; x_wconf 87' lang='lat' dir='ltr'>cum</span> <span class='ocrx_word' id='word_1_181' title='bbox 800 1744 877 1781; x_wconf 76' lang='lat' dir='ltr'>fuit</span> <span class='ocrx_word' id='word_1_182' title='bbox 897 1747 972 1781; x_wconf 90' lang='lat' dir='ltr'>ista</span> <span class='ocrx_word' id='word_1_183' title='bbox 993 1744 1121 1781; x_wconf 85' lang='lat' dir='ltr'>mea.”</span> <span class='ocrx_word' id='word_1_184' title='bbox 1317 1744 1368 1780; x_wconf 86' lang='lat'>50</span> 
     </span>
    </p>
   </div>
   <div class='ocr_carea' id='block_1_3' title="bbox 205 1819 1332 1895">
    <p class='ocr_par' dir='ltr' id='par_1_15' title="bbox 205 1819 1332 1895">
     <span class='ocr_line' id='line_1_28' title="bbox 206 1819 1332 1859; baseline 0.001 -8"><span class='ocrx_word' id='word_1_185' title='bbox 206 1820 215 1839; x_wconf 90' lang='lat'>¹</span> <span class='ocrx_word' id='word_1_186' title='bbox 240 1820 367 1852; x_wconf 84' lang='lat' dir='ltr'>nexilis</span> <span class='ocrx_word' id='word_1_187' title='bbox 384 1821 488 1859; x_wconf 53' lang='grc' dir='ltr'>υηῖςμε</span> <span class='ocrx_word' id='word_1_188' title='bbox 515 1820 634 1852; x_wconf 83' lang='lat' dir='ltr'>rexilis</span> <span class='ocrx_word' id='word_1_189' title='bbox 655 1821 702 1852; x_wconf 86' lang='lat' dir='ltr'>P:</span> <span class='ocrx_word' id='word_1_190' title='bbox 729 1820 867 1852; x_wconf 78' lang='lat' dir='ltr'>textilis</span> <span class='ocrx_word' id='word_1_191' title='bbox 887 1833 920 1852; x_wconf 82' lang='lat'>5:</span> <span class='ocrx_word' id='word_1_192' title='bbox 947 1819 1073 1852; x_wconf 86' lang='lat' dir='ltr'>flexilis</span> <span class='ocrx_word' id='word_1_193' title='bbox 1092 1820 1212 1852; x_wconf 76' lang='lat' dir='ltr'>Burm.</span> <span class='ocrx_word' id='word_1_194' title='bbox 1232 1820 1332 1852; x_wconf 55' lang='lat' dir='ltr'>Nam.</span> 
     </span>
     <span class='ocr_line' id='line_1_29' title="bbox 205 1864 575 1895; baseline 0 0"><span class='ocrx_word' id='word_1_195' title='bbox 205 1864 218 1882; x_wconf 80' lang='lat'><strong>2</strong></span> <span class='ocrx_word' id='word_1_196' title='bbox 241 1865 367 1895; x_wconf 75' lang='lat' dir='ltr'>circuit</span> <span class='ocrx_word' id='word_1_197' title='bbox 384 1864 575 1895; x_wconf 62' lang='lat' dir='ltr'>illarcz&#39;non.</span> 
     </span>
    </p>
   </div>
   <div class='ocr_carea' id='block_1_4' title="bbox 164 1940 1364 2027">
    <p class='ocr_par' dir='ltr' id='par_1_16' title="bbox 164 1940 1364 2027">
     <span class='ocr_line' id='line_1_30' title="bbox 164 1940 1364 2017; baseline 0.001 -45"><span class='ocrx_word' id='word_1_198' title='bbox 164 1984 187 2016; x_wconf 77' lang='lat' dir='ltr'>b</span> <span class='ocrx_word' id='word_1_199' title='bbox 206 1941 350 2017; x_wconf 48' lang='lat' dir='ltr'>“Eliply</span> <span class='ocrx_word' id='word_1_200' title='bbox 367 1942 541 1973; x_wconf 78' lang='lat' dir='ltr'>mentions</span> <span class='ocrx_word' id='word_1_201' title='bbox 558 1952 578 1972; x_wconf 87' lang='lat' dir='ltr'>a</span> <span class='ocrx_word' id='word_1_202' title='bbox 594 1941 732 1983; x_wconf 82' lang='lat' dir='ltr'>picture</span> <span class='ocrx_word' id='word_1_203' title='bbox 758 1941 793 1973; x_wconf 79' lang='lat' dir='ltr'>of</span> <span class='ocrx_word' id='word_1_204' title='bbox 809 1941 930 1973; x_wconf 88' lang='lat' dir='ltr'>Venus</span> <span class='ocrx_word' id='word_1_205' title='bbox 957 1941 1067 1983; x_wconf 86' lang='lat' dir='ltr'>rising</span> <span class='ocrx_word' id='word_1_206' title='bbox 1093 1940 1181 1973; x_wconf 83' lang='lat' dir='ltr'>from</span> <span class='ocrx_word' id='word_1_207' title='bbox 1207 1941 1268 1973; x_wconf 77' lang='lat' dir='ltr'>the</span> <span class='ocrx_word' id='word_1_208' title='bbox 1296 1951 1364 1980; x_wconf 83' lang='lat' dir='ltr'>sea,</span> 
     </span>
     <span class='ocr_line' id='line_1_31' title="bbox 188 1992 1355 2027; baseline 0 -11"><span class='ocrx_word' id='word_1_209' title='bbox 188 1996 211 2027; x_wconf 91' lang='lat' dir='ltr'><strong>y</strong></span> <span class='ocrx_word' id='word_1_210' title='bbox 262 1996 305 2027; x_wconf 84' lang='lat' dir='ltr'>pe</span> <span class='ocrx_word' id='word_1_211' title='bbox 335 1996 380 2017; x_wconf 78' lang='lat' dir='ltr'>es,</span> <span class='ocrx_word' id='word_1_212' title='bbox 1353 1992 1355 1995; x_wconf 87' lang='grc'><strong>“</strong></span> 
     </span>
    </p>
   </div>
   <div class='ocr_carea' id='block_1_5' title="bbox 168 2056 244 2095">
    <p class='ocr_par' dir='ltr' id='par_1_17' title="bbox 168 2056 244 2095">
     <span class='ocr_line' id='line_1_32' title="bbox 168 2056 244 2095; baseline -0.013 0"><span class='ocrx_word' id='word_1_213' title='bbox 168 2056 244 2095; x_wconf 84' lang='grc'>374</span> 
     </span>
    </p>
   </div>
  </div>
 </body>
</html>
