1409 2282
676 90 815 128 OVID

144 194 219 231 hoc
239 194 341 231 duce
362 208 508 244 nempe
529 195 605 231 deo
626 197 756 231 ventis
777 198 937 244 agitaris
958 197 1103 245 iniquis

199 260 241 291 et
261 257 357 291 teris
378 257 419 290 in
439 254 577 303 rapido
597 259 779 304 tempora
799 254 919 304 longa
938 254 1042 291 freto
1058 256 1072 291 ?

146 314 338 363 Pergama
357 317 421 350 vix
441 319 555 350 tanto
576 315 649 350 tibi
670 319 785 350 erant
804 314 1026 363 repetenda
1045 314 1192 359 labore,

200 374 379 410 Hectore
400 376 432 410 si
453 376 540 410 vivo
561 379 711 424 quanta
730 373 842 410 fuere
863 374 1006 411 forent.

144 446 225 469 non
272 435 446 482 patrium
495 432 701 469 Simoenta
750 435 866 482 petis,
920 433 989 469 sed
1040 433 1263 483 Thybridas

252 492 434 529 undas—
1271 493 1344 529 145

200 568 346 604 nempe
366 560 413 591 ut
432 558 653 604 pervenias,
675 568 753 605 quo
774 558 896 605 cupis,
918 555 1062 605 hospes
1083 558 1183 598 eris;

144 621 269 666 utque
290 615 392 651 latet
412 618 592 665 vitatque
613 621 702 651 tuas
723 616 903 652 abstrusa
923 618 1088 661 carinas,

198 678 262 711 vix
282 675 357 711 tibi
378 677 591 723 continget
610 679 718 711 terra
737 678 867 724 petita
887 678 983 712 seni.

147 735 234 771 Hos
255 737 387 790 potius
408 734 574 783 populos
595 737 636 770 in
656 734 807 780 dotem,
829 735 996 784 ambage
1017 738 1192 780 remissa,

198 797 333 844 accipe
355 799 396 831 et
416 794 603 831 advectas
626 794 893 844 Pygmalionis
914 808 1019 844 opes.
1271 795 1345 831 150

144 854 246 890 Ilion
266 857 307 890 in
327 854 487 904 Tyriam
506 854 679 891 transfer
697 854 851 891 felicius
871 855 1011 891 urbem

198 927 341 964 resque
362 914 449 950 loco
463 914 475 937 1
497 917 603 963 regis
623 919 860 964 sceptraque
882 928 990 951 sacra
1010 920 1105 951 tene
1122 915 1128 950 Ι

144 977 175 1010 si
196 975 270 1011 tibi
290 987 404 1010 mens
425 974 539 1011 avida
559 979 622 1011 est
642 974 750 1020 belli,
771 977 803 1011 si
824 978 981 1024 quaerit
1003 974 1124 1019 Iulus,

200 1034 307 1071 unde
329 1047 399 1070 suo
420 1039 557 1083 partus
580 1034 711 1071 Marte
735 1034 958 1084 triumphus
980 1040 1057 1080 eat,

144 1108 264 1144 quem
303 1099 478 1143 superet,
511 1094 662 1144 nequid
701 1094 819 1140 desit,
858 1095 1136 1143 praebebimus
1176 1094 1264 1130 hos-

251 1160 335 1191 tem
351 1167 359 1198 ;
1271 1154 1344 1190 155

198 1214 263 1250 hic
284 1217 392 1263 pacis
412 1214 536 1263 leges,
557 1213 621 1250 hic
642 1214 751 1250 locus
771 1227 879 1250 arma
900 1217 1016 1263 capit.

144 1280 188 1311 tu
207 1274 340 1319 modo,
360 1287 432 1323 per
451 1279 622 1310 matrem
642 1273 897 1324 fraternaque
918 1274 1012 1319 tela,
1032 1277 1211 1323 sagittas,

198 1347 349 1384 perque
370 1334 489 1383 fugae
511 1336 690 1379 comites,
711 1333 899 1370 Dardana
919 1347 1040 1379 sacra,
1060 1334 1213 1371 deos—

144 1397 198 1430 sic
220 1398 427 1443 superent,
448 1406 719 1443 quoscumque
740 1399 809 1430 tua
830 1393 880 1430 de
901 1399 1025 1443 gente
1046 1398 1237 1443 reportas,

200 1454 307 1490 Mars
328 1453 435 1490 ferus
457 1459 499 1489 et
519 1453 655 1489 damni
675 1456 726 1490 sit
746 1453 886 1490 modus
907 1453 974 1490 ille
995 1456 1067 1499 tui,
1272 1452 1345 1489 160

146 1514 420 1563 Ascaniusque
442 1526 531 1549 suos
552 1512 725 1550 feliciter
745 1513 898 1562 inpleat
918 1527 1055 1558 annos,

199 1573 241 1604 et
261 1570 365 1604 senis
387 1567 587 1603 Anchisae
607 1567 783 1604 molliter
803 1580 889 1604 ossa
909 1568 1060 1604 cubent
1075 1567 1139 1603 ἔ-

145 1635 274 1671 parce,
296 1634 447 1671 precor,
468 1621 616 1666 domui,
638 1634 739 1671 quae
760 1634 801 1658 se
821 1622 895 1658 tibi
915 1621 1039 1658 tradit
1059 1621 1285 1657 habendam
1303 1622 1309 1657 3

199 1676 305 1726 quod
327 1678 479 1712 crimen
499 1675 597 1712 dicis
618 1680 778 1724 praeter
797 1688 947 1712 amasse
967 1676 1130 1712 meum?

146 1743 226 1766 non
241 1743 316 1779 ego
329 1743 416 1766 sum
432 1729 596 1766 Phthias
612 1732 847 1779 magnisque
861 1729 1028 1766 oriunda
1043 1730 1237 1779 Mycenis,
1269 1728 1343 1764 165

199 1797 274 1820 nec
294 1789 497 1820 steterunt
517 1786 559 1819 in
578 1789 619 1820 te
641 1786 778 1833 virque
799 1789 992 1833 paterque
1013 1797 1135 1820 meus.

189 1871 199 1890 ¹
224 1871 268 1903 So
293 1871 376 1902 Pa.:
402 1872 507 1913 inque
534 1871 609 1902 loco
635 1871 681 1912 1³2
708 1882 785 1903 over
810 1882 856 1902 αη
886 1881 1024 1902 erasure
1055 1871 1173 1903 GEs:
1208 1871 1345 1911 iamque

145 1916 257 1946 locum
274 1915 385 1946 Eheu:
411 1919 467 1946 etc.

508 1999 522 2012 ‘⁴
547 1992 620 2023 The
638 1992 737 2023 home
754 1992 790 2023 of
806 1992 971 2024 Achilles.

148 2068 197 2101 94
