1409 2282
683 59 823 95 OVID

154 165 321 215 Insopor
340 178 434 202 ecce
455 165 549 214 vigil
568 165 575 188 ¹
602 167 774 215 squamis
795 165 1085 214 crepitantibus
1106 164 1271 201 horrens

207 219 341 256 sibilat
361 225 403 256 et
423 225 530 256 torto
551 225 714 269 pectore
736 222 858 257 verrit
879 219 1044 256 humum
1065 220 1072 255 1

153 274 259 311 dotis
278 287 374 323 opes
395 274 463 310 ubi
483 275 627 311 erant?
658 274 725 310 ubi
747 279 832 310 erat
852 274 926 310 tibi
946 276 1056 323 regia
1076 276 1260 319 coniunX‚

207 331 355 378 quique
374 330 492 364 maris
511 331 661 377 gemini
682 328 850 365 distinet
870 327 1044 364 Isthmos
1062 329 1211 377 aquas?

154 382 220 419 illa
251 396 341 432 ego,
375 396 476 432 quae
514 382 588 419 tibi
626 396 712 419 sum
751 395 857 418 nunc
896 382 1070 432 denique
1110 382 1275 419 barbara

261 436 380 482 facta,
1280 436 1354 473 105

208 505 316 528 nunc
334 492 409 528 tibi
429 504 515 527 sum
536 504 702 541 pauper,
721 504 829 527 nunc
849 491 922 527 tibi
943 492 1023 527 visa
1044 503 1208 537 nocens,

154 545 336 583 flammea
355 545 526 582 subduxi
545 546 746 582 medicato
766 545 916 581 lumina
935 558 1087 591 somno,

210 605 253 637 et
271 600 359 646 tibi,
381 613 482 650 quac
504 613 679 649 raperes,
699 599 848 636 vellera
868 604 955 636 tuta
977 599 1083 636 dedi.

156 654 336 704 proditus
358 660 419 691 est
438 657 611 704 genitor,
630 667 800 703 regnum
822 657 1071 703 patriamque
1092 653 1236 703 reliqui
1256 666 1264 697 3

210 722 367 754 munus,
388 712 429 745 in
449 708 569 745 exilio
589 708 695 758 quod
716 708 812 745 lic-et
832 721 931 751 esse,
951 708 1026 744 tuli
1043 708 1049 743 !
1282 708 1355 744 110

156 766 363 813 virginitas
384 762 490 800 facta
511 768 573 800 est
593 765 795 812 peregrini
816 762 965 811 praeda
984 762 1150 799 latronis
1167 775 1176 806 ;

211 820 361 867 optima
382 831 471 854 cum
493 831 582 854 cara
601 823 729 854 matre
750 817 889 854 relicta
910 829 1028 853 soror.

155 871 213 909 At
232 885 312 908 11011
332 877 374 908 te
395 871 553 921 fugiens
574 875 658 908 sine
678 885 757 917 me,
776 884 981 920 germane,
999 871 1142 921 reliqui
1161 872 1168 907 Σ

210 926 347 963 deficit
366 926 441 962 hoc
462 939 541 962 uno
561 926 698 963 littera
717 930 853 962 nostra
872 925 968 962 1000.

156 980 264 1030 quod
301 980 432 1017 facere
472 994 565 1017 ausa
595 993 685 1017 mea
719 984 793 1026 est,
827 993 909 1016 11011
942 979 1066 1017 audet
1101 980 1274 1016 scribere

264 1034 415 1072 dextra.
1281 1035 1297 1070 1
1309 1034 1355 1070 15

210 1091 265 1126 sie
286 1102 375 1138 ego,
396 1089 467 1126 sed
486 1094 635 1133 tecum,
657 1088 911 1125 dilaceranda
931 1088 999 1124 fui.

156 1156 232 1180 nec
251 1149 389 1180 tamen
419 1143 739 1193 extimui—quid
761 1145 868 1179 0111111
889 1148 979 1192 post
999 1142 1065 1178 illa
1087 1145 1273 1180 timerem
1287 1143 1357 1178 ?—-

210 1197 376 1235 credere
396 1211 461 1234 me
482 1197 638 1247 pelago,
659 1197 809 1234 femina
828 1200 986 1247 iamque
1006 1210 1165 1234 nocenS.

156 1265 306 1288 numen
327 1253 396 1289 ubi
416 1257 478 1288 est
495 1253 508 1287 ?
536 1252 605 1288 ubi
625 1251 665 1288 di
682 1253 695 1288 ?
752 1254 914 1288 meritas
934 1252 1145 1288 subeamus
1165 1254 1205 1288 in
1225 1251 1320 1297 alto,

210 1311 255 1343 tu
276 1306 426 1343 fraudis
446 1319 609 1356 poenas,
629 1305 878 1343 credulitatis
899 1306 997 1355 ego!
1281 1306 1356 1342 120

158 1360 412 1410 Compressos
432 1363 586 1397 utinam
606 1359 896 1410 Symplegades
916 1360 1128 1405 elisissent,

210 1420 426 1464 nostraque
445 1414 714 1451 adhaererent
733 1415 884 1451 ossibus
905 1427 990 1451 ossa
1009 1417 1088 1451 tuis
1107 1427 1115 1457 ;

156 1474 226 1506 aut
246 1482 318 1505 nos
339 1469 471 1519 Scylla
490 1482 611 1518 rapax
632 1469 795 1505 canibus
815 1471 1021 1506 mersisset
1034 1468 1048 1491 '2
1069 1468 1306 1505 edendos—-

211 1523 353 1560 debuit
372 1526 538 1572 ingratis
559 1522 691 1572 Scylla
711 1536 857 1560 nocere
878 1526 993 1567 viris;

158 1590 341 1627 quaeque
361 1580 486 1614 vomit
513 1577 686 1614 totidem
715 1577 857 1614 fluctus
877 1577 1128 1626 totidemque
1149 1590 1274 1614 resor-

264 1632 349 1677 bet,
1282 1632 1355 1668 125

210 1698 282 1723 nos
303 1698 462 1735 quoque
483 1686 710 1723 Trinacriae
732 1688 1007 1735 supposuisset
1027 1686 1175 1735 aquae!

200 1782 211 1801 1
234 1783 278 1814 So
296 1783 341 1824 Pl
356 1783 395 1823 G]
413 1782 537 1814 illerlm
563 1782 717 1823 Pervigil
733 1793 810 1813 ecce
831 1781 935 1813 draco
956 1782 999 1823 P¹2
1012 1796 1033 1812 ω
1055 1782 1187 1813 Buram
1214 1782 1356 1824 insuper

158 1837 235 1858 ecce
253 1826 337 1868 vigil
356 1826 474 1857 Heia:
500 1826 640 1866 insopor
656 1836 733 1856 ecee
750 1825 855 1857 draco
872 1826 939 1857 Pa.

199 1869 213 1889 2
235 1870 413 1901 mersisset
430 1870 513 1901 Pa.:
538 1869 690 1900 misisset
708 1869 811 1901 MSS.

287 1967 303 1980 ⁴²
326 1960 399 1992 The
415 1959 723 1991 dismeinberment
740 1959 775 1990 of
798 1959 860 1990 her
876 1959 1020 1991 brother
1036 1959 1224 2001 Absyrtus.

163 2037 177 2060 1
188 2035 236 2072 50
