1409 2282
692 115 831 152 OVID

155 219 234 256 Cur
254 219 351 256 mihi
372 219 476 255 fama
496 222 602 269 prior
621 219 672 256 de
694 224 735 256 te
757 232 875 269 quam
896 219 1031 256 littera
1052 223 1164 257 venit
1182 234 1189 257 ε

209 285 284 318 isse
306 295 433 318 sacros
455 282 596 318 Martis
617 282 690 318 sub
710 285 802 331 iuga
822 282 954 331 panda
972 283 1107 328 boves,
1313 283 1360 319 10

155 348 372 384 seminibus
393 350 505 384 iactis
526 352 686 396 segetes
705 347 885 384 adolesse
906 350 1077 384 virorum

209 415 330 462 inque
350 425 494 449 necem
513 411 655 449 dextra
675 425 755 448 non
778 415 933 461 eguisse
954 418 1036 458 tua,

155 478 389 527 pervigilem
410 478 581 527 spolium
601 477 767 527 pecudis
788 491 962 515 servasse
983 478 1210 524 draconem,

208 548 321 593 rapta
340 548 478 580 tamen
498 543 592 580 forti
613 543 761 580 vellera
782 543 890 580 fulva
909 557 1028 580 manu
1044 545 1058 581 ?

154 609 253 646 haec
274 623 350 659 ego
370 612 402 646 si
422 623 579 659 possem
599 609 741 646 timide
763 609 1020 646 credentibus
1042 613 1154 646 “ista
1312 611 1359 647 15

210 678 294 725 ipse
315 675 412 711 mihi
434 678 590 725 scripsit
607 675 628 687 ’'
651 675 798 721 dicere,
820 681 970 725 quanta
990 676 1116 713 forem
1137 677 1143 712 l

155 740 263 786 Quid
285 754 428 791 queror
448 741 618 777 officium
638 740 740 778 lenti
761 754 933 778 cessasse
953 743 1114 778 mariti?

209 808 457 857 obsequium,
478 820 621 844 maneo
642 809 673 844 si
693 812 775 852 tua,
796 807 948 856 grande
969 807 1043 844 tuli
1063 808 1069 843 !

155 873 320 909 barbara
340 878 521 909 narratur
541 876 696 910 venisse
717 872 894 910 venefica
914 878 1063 919 tecum,

208 941 249 975 in
269 939 367 975 mihi
387 942 567 988 promissi
589 944 702 988 parte
724 944 886 988 recepta
906 941 992 975 tori.
1311 940 1360 977 ‘20

154 1004 316 1041 credula
336 1018 397 1041 res
418 1018 528 1041 amor
549 1010 610 1041 est
628 1017 637 1049 3
666 1007 821 1042 utinam
842 1007 1053 1041 temeraria
1073 1004 1182 1041 dicar

210 1071 440 1107 criminibus
461 1070 568 1107 falsis
590 1070 838 1107 insimulasse
859 1070 1008 1106 virum!

156 1148 285 1185 nuper
304 1136 353 1172 ab
377 1136 613 1173 Haemoniis
633 1135 777 1185 hospes
798 1135 896 1171 mihi
917 1135 1130 1172 Thessalus
1152 1138 1227 1172 oris

210 1206 388 1247 venerat,
410 1206 452 1238 et
472 1206 626 1238 tactum
647 1203 710 1237 vix
731 1201 835 1237 bene
856 1200 979 1236 limen
1000 1205 1099 1245 erat,

156 1270 181 1286 “
195 1266 457 1312 Aesonides,”
480 1267 574 1312 dixi,
597 1271 621 1287 “
634 1266 730 1317 quid
749 1269 834 1316 agit
854 1268 996 1303 meus?
1016 1265 1035 1280 ’'
1055 1266 1122 1302 ille
1143 1265 1295 1315 pudore
1311 1267 1359 1302 ‘25

209 1331 340 1369 haesit
359 1335 400 1369 in
421 1335 603 1382 opposita
621 1332 773 1369 lumina
793 1332 891 1369 fixus
912 1332 1044 1368 humo.

157 1401 337 1447 protinus
360 1399 481 1435 exilui
501 1402 728 1449 tunicisque
748 1412 771 1435 a
791 1404 952 1448 pectore
974 1401 1100 1448 ruptis

211 1469 235 1484 “
249 1467 375 1502 vivit?
406 1465 494 1511 an,’'
516 1465 707 1511 exclamo,
729 1470 830 1502 “me
852 1478 1009 1515 quoque
1037 1464 1119 1501 fata
1146 1466 1319 1501 vocant?
1338 1465 1358 1476 '⁹

155 1534 178 1550 “
193 1529 325 1575 vivit,'’
347 1534 414 1567 ait.
473 1531 662 1567 timidum
682 1530 788 1581 quod
809 1531 942 1567 amatl
963 1543 971 1574 ;
1001 1533 1127 1567 iurare
1149 1533 1272 1580 coegi.

208 1598 272 1632 vix
293 1596 391 1632 mihi
412 1601 518 1633 teste
539 1596 616 1633 deo
637 1596 789 1633 credita
809 1599 890 1632 vita
910 1601 979 1632 tua
1000 1601 1071 1632 est.
1309 1596 1359 1632 30

161 1662 296 1711 thue
317 1665 472 1699 animus
493 1662 625 1708 rediit,
646 1668 716 1699 tua
736 1661 841 1699 facta
862 1664 1063 1711 requirere
1085 1664 1208 1710 coepi.

210 1732 343 1764 narrat
362 1728 581 1778 aenipedes
604 1728 743 1764 Martis
763 1740 892 1764 arasse
912 1728 1046 1772 boves,

156 1796 337 1842 vipereos
357 1793 502 1830 dentes
524 1796 564 1829 in
585 1793 752 1830 humum
772 1805 843 1842 pro
863 1795 1014 1829 semine
1035 1795 1171 1837 iactos,

213 1864 255 1895 et
275 1859 407 1896 subito
427 1864 541 1896 natos
562 1872 669 1895 arma
688 1858 827 1895 tulisse
848 1861 1003 1894 viros——

203 1962 213 1981 ¹
237 1963 402 1994 timidum
419 1962 511 2005 quod
536 1966 632 1994 amat
656 1963 713 1995 Es
726 1962 946 2003 Shztclrburslh
965 1962 1073 1994 Heus.
1092 1975 1098 1994 :
1126 1961 1360 2003 timidumque

159 2007 245 2038 mihi
266 2007 295 2038 G'
307 2020 320 2038 ς
337 2021 344 2039 :
371 2007 517 2038 timidus
534 2006 699 2038 timidum
716 2006 783 2037 Pa.

164 2080 212 2116 70
