1445 2297
715 66 854 105 OVID

183 173 280 210 Sero
300 175 512 222 respicitur
532 171 666 217 tellus,
686 171 755 207 ubi
773 170 870 207 fune
892 170 1022 207 soluto

237 235 361 269 currit
379 235 421 268 in
440 235 669 268 inmensum
690 230 822 280 panda
841 233 973 267 carina
993 230 1119 267 salum
1135 242 1143 274 3

182 295 317 329 navita
337 292 530 329 sollicitus
551 305 642 328 cum
664 296 805 328 ventos
825 290 963 327 horret
982 293 1139 340 iniquos
1338 290 1386 326 25

238 357 280 388 et
299 364 424 401 prope
444 357 527 388 tam
546 351 689 395 letum,
711 364 829 400 quam
850 363 974 400 prope
995 353 1124 387 cernit
1143 363 1297 400 aquam.

183 412 290 462 quod
311 415 342 448 si
363 424 572 448 concussas
592 411 733 447 Triton
754 415 966 459 exasperet
986 409 1126 455 undas,

207 505 210 508 ,
238 485 357 522 quam
377 472 451 508 tibi
473 474 525 508 sit
543 476 631 507 toto
651 470 786 507 nullus
806 472 847 506 in
868 483 935 506 ore
957 470 1064 506 color
1085 471 1091 506 ἔ

184 537 272 568 tum
294 544 489 581 generosa
509 543 626 567 voces
647 529 845 566 fecundae
866 529 996 566 sidera
1018 529 1153 566 Ledae

240 597 283 629 et
304 595 327 612 “
341 591 477 637 felix‚'’
500 591 608 627 dicas
631 595 653 611 “
667 603 788 640 quem
809 603 877 626 sua
897 595 1004 627 terra
1024 589 1165 626 tenet!
1185 589 1205 600 '³
1338 589 1388 626 30

184 652 328 688 Tutius
350 657 412 688 est
432 650 577 688 fovisse
598 656 744 695 torum,
764 649 910 699 legisse
930 649 1103 696 libellos,

240 711 467 748 Threiciam
488 711 625 760 digitis
645 712 890 759 increpuisse
911 709 1048 760 lyram.

186 776 240 817 at,
262 774 294 808 si
314 784 414 807 vana
435 770 573 808 ferunt
594 770 774 807 volucres
794 783 884 807 mea
903 769 1012 806 dicta
1031 769 1247 819 procellae,

238 844 365 881 aequa
386 837 523 868 tamen
543 833 668 880 puppi
689 832 740 867 sit
762 829 930 867 Galatea
949 830 1066 867 tuae!

185 897 363 928 vestrum
384 894 536 928 crimen
557 894 634 927 erit
653 890 745 927 talis
765 893 916 927 iactura
936 889 1109 939 puellae,
1339 890 1388 926 35

241 950 520 1001 Nereidesque
541 950 642 987 deae
665 949 968 999 Nereidumque
989 955 1116 999 pater.

185 1010 286 1046 vade
307 1024 460 1047 memor
480 1013 606 1047 nostri
627 1015 750 1046 vento
770 1009 949 1046 reditura
969 1009 1146 1046 secundo
1165 1021 1173 1053 3

239 1070 395 1120 inpleat
415 1070 482 1106 illa
503 1075 593 1107 tuos
614 1069 754 1106 fortior
773 1082 867 1105 aura
888 1070 1018 1106 sinus!

185 1136 272 1167 tum
294 1143 403 1167 mare
424 1133 466 1166 in
486 1130 586 1166 haec
606 1142 776 1179 magnus
796 1128 996 1178 proclinet
1015 1128 1132 1165 litora
1153 1128 1308 1166 Nereus
1327 1141 1335 1173 3

239 1190 318 1227 huc
339 1193 450 1227 venti
472 1193 639 1240 spirent,
659 1189 738 1226 huc
758 1195 852 1239 agat
871 1194 1006 1226 aestus
1025 1202 1147 1238 aquas
1168 1190 1174 1226 ἔ
1340 1189 1390 1225 40

185 1253 269 1300 ipsa
291 1263 421 1299 roges,
442 1249 614 1300 Zephyri
635 1252 801 1286 veniant
822 1252 863 1285 in
882 1249 1009 1285 lintea
1028 1248 1169 1298 pleni,1

240 1312 325 1359 ipsa
344 1315 415 1346 tua
434 1322 596 1346 moveas
617 1309 779 1359 turgida
799 1308 887 1345 vela
907 1322 1028 1345 manu
1044 1309 1050 1345 !

186 1373 336 1420 primus
357 1383 434 1419 ego
453 1369 671 1419 adspiciam
690 1374 828 1406 notam
847 1368 899 1405 de
919 1368 1037 1406 litore
1057 1371 1238 1418 puppim,

241 1435 283 1467 et
303 1430 434 1467 dicam
450 1443 458 1466 ε
488 1433 513 1450 “
528 1434 685 1466 nostros
705 1428 870 1466 advehit
890 1428 958 1465 illa
977 1428 1073 1465 deos
1090 1430 1097 1465 ἔ
1115 1428 1136 1440 ”

187 1492 464 1539 excipiamque
485 1491 633 1525 umeris
654 1494 696 1526 et
715 1488 844 1525 multa
864 1491 948 1525 sine
969 1488 1110 1525 ordine
1131 1502 1288 1538 carpam
1341 1490 1390 1525 45

242 1549 386 1586 oscula.
446 1562 517 1598 pro
537 1548 670 1585 reditu
693 1551 853 1585 victima
874 1554 965 1585 vota
986 1548 1104 1585 cadet
1122 1561 1130 1592 ;

188 1612 309 1658 inque
330 1611 407 1645 tori
429 1607 597 1644 formam
617 1608 759 1644 molles
779 1613 1013 1645 sternentur
1032 1607 1220 1654 harenae,

243 1674 285 1705 et
305 1668 485 1704 tumulus
505 1681 669 1704 mensae
691 1667 863 1717 quilibet
884 1680 971 1704 esse
992 1667 1159 1717 potest.‘-‘

190 1728 276 1764 lllic
296 1728 480 1777 adposito
500 1729 677 1764 narrabis
696 1727 823 1765 multa
844 1727 1032 1778 Lyaeo—

242 1800 371 1837 paene
392 1790 444 1824 sit
464 1792 510 1824 ut
530 1787 673 1824 mediis
694 1788 836 1824 obruta
856 1790 966 1824 navis
986 1790 1122 1837 aquis;
1342 1787 1392 1824 50

231 1880 241 1899 ]
266 1880 359 1922 pleni
380 1880 433 1911 Ps
450 1894 456 1912 :
483 1880 545 1911 soli
563 1881 651 1921 vulg).
713 1880 726 1899 2
748 1891 821 1912 esse
838 1884 956 1922 potest
974 1881 1048 1912 Ps:
1076 1881 1188 1912 instar
1204 1880 1272 1912 erit
1288 1880 1376 1920 ναῖς).

502 1976 516 1988 ‘1
542 1969 690 2009 Gemini,
711 1969 835 2001 Castor
851 1969 921 2001 and
938 1969 1074 2000 Pollux.

189 2034 265 2079 416
