1445 2297
683 64 779 102 OVI
785 64 822 101 D

150 186 243 208 nam
263 171 372 209 furor
391 174 432 208 in
453 171 657 208 dominam
677 173 890 207 temeraria
910 169 1094 207 bracchia
1114 173 1263 215 movit;

205 232 274 269 flet
294 245 383 269 mea
403 244 573 268 vaesana
592 231 698 267 laesa
718 230 853 280 puella
871 244 1003 267 manu.

151 298 249 330 tunc
271 306 347 342 ego
367 292 431 328 vel
453 305 562 328 caros
583 294 697 341 potui
717 291 864 328 violare
885 296 1076 340 parentes
1334 291 1356 327 5

206 365 322 389 saeva
342 352 406 388 vel
427 354 468 387 in
489 357 647 388 sanctos
667 351 836 388 verbera
855 350 959 388 ferre
981 351 1077 387 deos
1097 351 1103 387 !

152 412 291 460 Quid?
323 426 403 448 non
425 417 467 449 et
487 411 607 461 clipei
627 411 813 448 dominus
834 411 1108 461 septemplicis
1130 411 1231 447 Aiax

207 476 348 511 stravit
368 472 589 522 deprensos
609 471 692 508 lata
712 485 785 521 per
804 485 897 508 arva
917 484 1077 521 greges,

153 539 208 580 et,
228 533 376 570 vindex
398 536 439 569 in
460 538 587 570 matre
609 535 745 581 patris,
765 532 893 568 malus
915 531 1034 576 ultor,
1056 531 1224 569 Orestes

205 607 324 631 ausus
339 596 380 630 in
401 606 563 630 arcanas
583 605 748 642 poscere
769 592 851 629 tela
871 592 967 629 deas
984 592 998 628 ?
1311 591 1359 628 10

153 667 249 703 ergo
270 667 347 703 ego
367 653 545 703 digestos
566 655 679 702 potui
699 652 848 688 laniare
869 651 1061 701 capillos?

206 727 282 751 nec
302 713 506 750 dominam
526 718 660 749 motae
681 712 908 749 dedecuere
929 725 1077 748 comae.

153 777 208 812 sic
230 774 402 811 formosa
423 773 510 811 fuit.
542 773 667 811 talem
689 772 944 810 Schoeneida
964 772 1094 809 dicam

208 834 430 871 Maenalias
450 847 544 870 arcu
565 832 926 870 sollicitasseferas
946 845 954 876 ;

153 895 244 932 talis
265 897 413 944 periuri
434 896 706 944 promissaque
728 893 896 943 velaque
917 892 1064 929 Thesei
1312 893 1360 929 15

207 955 317 992 flevit
337 956 578 1004 praecipites
600 953 739 990 Cressa
758 953 899 990 tulisse
921 953 1071 997 Notos;

153 1018 222 1061 sic,
242 1017 318 1052 nisi
338 1017 493 1052 vittatis
513 1013 621 1064 quod
642 1019 729 1051 erat
749 1013 968 1050 Cassandra
988 1012 1154 1062 capillis,

207 1075 421 1124 procubuit
441 1074 609 1124 templo,
630 1079 738 1111 casta
761 1074 956 1116 Minerva,
977 1078 1059 1109 tuo.

155 1135 255 1182 Quis
303 1135 402 1171 mihi
462 1147 544 1171 non
591 1138 615 1155 “
629 1133 797 1171 demens
817 1134 860 1170 !''
908 1135 996 1183 quis
1044 1145 1124 1169 non
1182 1133 1281 1169 mihi

263 1198 287 1215 “
304 1195 470 1231 barbare
492 1195 498 1231 !
517 1193 536 1205 ’'
559 1193 693 1231 dixit?

208 1258 294 1304 ipsa
314 1254 415 1291 nihil
434 1267 443 1299 3
473 1254 618 1304 pavido
640 1259 702 1291 est
721 1253 861 1303 lingua
881 1258 1043 1291 retenta
1062 1258 1186 1290 metu.
1313 1253 1362 1290 20

155 1315 227 1352 sed
245 1317 360 1352 taciti
380 1314 514 1351 fecere
534 1319 673 1351 tamen
693 1316 870 1350 convicia
889 1313 1024 1350 vultus
1042 1326 1051 1357 ;

209 1378 295 1425 egit
314 1388 379 1412 me
400 1375 573 1411 lacrimis
593 1388 661 1411 ore
684 1374 830 1411 silente
852 1387 978 1411 reum.

154 1441 250 1473 ante
270 1448 381 1472 meos
403 1438 549 1472 umeris
571 1434 717 1471 vellem
738 1434 931 1471 cecidisse
952 1434 1146 1478 lacertos3

208 1496 365 1533 utiliter
385 1498 499 1545 potui
519 1500 633 1545 parte
655 1508 788 1532 carere
808 1498 899 1531 mei.

155 1559 196 1593 in
217 1569 307 1592 mea
326 1569 515 1593 vaesanas
536 1555 657 1592 habui
677 1554 888 1604 dispendia
908 1557 1010 1591 vires
1313 1555 1361 1591 25

210 1621 253 1653 et
274 1615 377 1652 valui
399 1628 570 1665 poenam
591 1614 704 1651 fortis
725 1617 766 1650 in
787 1617 872 1664 ipse
893 1627 1034 1651 meam.

155 1676 253 1727 quid
271 1675 370 1712 mihi
391 1676 609 1720 vobiscum,
630 1675 762 1711 caedis
782 1674 1059 1724 scelerumque
1080 1676 1286 1711 ministrae
1303 1675 1317 1710 ?

210 1735 349 1772 debita
370 1735 588 1785 sacrilegae
609 1734 739 1771 vincla
760 1735 892 1771 subite
913 1747 1053 1770 manus
1071 1734 1078 1770 !

155 1810 221 1842 an,
241 1799 273 1833 si
293 1795 511 1846 pulsassem
531 1798 742 1831 minimum
762 1794 813 1831 de
834 1794 953 1844 plebe
974 1794 1188 1840 Quiritem,

210 1855 508 1905 plecterer—-in
529 1854 732 1891 dominam
753 1857 813 1891 ius
834 1853 932 1890 mihi
951 1856 1078 1890 maius
1099 1856 1175 1890 erit
1192 1853 1206 1889 ?
1311 1854 1362 1891 30

649 1974 665 1988 α’
689 1968 870 2001 Atalanta.

159 2045 208 2081 34
216 2045 233 2068 ²
