1409 2282
667 83 807 121 OVID

706 272 768 308 III

556 360 708 396 Balsms
747 361 913 397 Aenum

139 445 263 492 QUAM
285 446 398 496 legis,
419 461 441 483 a
462 453 575 497 rapta
595 447 772 485 Briseide
794 448 929 485 littera
950 451 1072 493 venit,

192 509 256 542 vix
277 507 381 543 bene
402 508 603 544 barbarica
625 508 777 545 Graeca
797 514 935 545 notata
955 521 1085 544 manu.

139 579 409 616 quascumque
429 567 637 617 adspicies,
658 568 841 604 lacrimae
863 568 995 605 fecere
1016 567 1153 604 lituras
1171 581 1180 611 ;

193 626 264 662 sed
283 632 421 664 tamen
442 633 484 664 et
503 627 687 664 lacrimae
709 628 886 677 pondera
906 631 1010 664 vocis
1031 627 1193 664 habent.

140 685 180 723 Si
200 686 298 723 mihi
319 700 443 736 pauca
463 691 575 737 queri
595 688 645 724 de
666 693 708 724 te
729 688 971 738 dominoque
991 691 1153 737 viroque

193 746 251 783 fas
273 752 346 791 est,
368 747 418 784 de
440 747 601 784 domino
622 761 746 797 pauca
766 751 927 797 viroque
949 761 1099 797 querar.

139 819 232 852 non,
255 820 331 856 ego
351 810 532 856 poscenti
554 808 660 858 quod
681 821 768 844 sum
789 811 868 844 cito
889 807 1037 844 tradita
1057 810 1155 856 regi,

193 866 310 916 culpa
329 872 399 903 tua
419 870 714 917 est—quamvis
735 867 834 903 haec
855 880 1013 917 quoque
1035 867 1151 916 culpa
1170 872 1240 903 tua
1257 872 1342 911 est;

140 940 231 962 nam
252 927 368 963 simul
391 927 613 977 Eurybates
634 941 698 964 me
719 927 1036 977 Talthybiusque
1058 932 1261 972 vocarunt,

195 987 387 1037 Eurybati
408 987 502 1024 data
522 1001 609 1024 sum
629 987 924 1037 Talthybioque
946 1000 1088 1023 eomes.
1294 987 1342 1023 10

139 1047 241 1084 alter
261 1051 301 1083 in
322 1047 485 1085 alterius
506 1051 702 1084 iactantes
722 1047 873 1084 lumina
894 1047 1048 1084 vultum

194 1108 442 1157 quaerebant
462 1110 588 1153 taciti,
609 1112 745 1144 noster
764 1108 832 1144 ubi
853 1112 959 1143 esset
978 1120 1097 1143 amor.

139 1164 286 1203 differri
307 1170 420 1216 potui
437 1181 446 1212 3
475 1180 628 1216 poenae
649 1180 757 1203 mora
777 1172 889 1216 grata
909 1166 1060 1203 fuisset.

195 1230 231 1263 ei
251 1227 349 1263 mihi
368 1228 374 1264 1
406 1227 617 1264 discedens
638 1227 771 1263 oscula
791 1226 901 1262 nulla
921 1226 1015 1263 dedi
1034 1239 1042 1269 ;

140 1291 181 1323 at
201 1286 380 1323 lacrimas
402 1290 486 1323 sine
509 1287 586 1323 fine
607 1287 702 1323 dedi
722 1290 890 1336 rupique
911 1286 1128 1335 capillos—
1295 1286 1342 1322 15

194 1346 334 1383 infelix
355 1350 501 1384 iterum
522 1360 609 1383 sum
629 1346 727 1382 mihi
748 1349 828 1383 visa
849 1349 936 1395 capi
956 1347 962 1382 !

141 1406 269 1456 Saepe
291 1420 366 1456 ego
387 1406 560 1456 decepto
581 1406 687 1443 volui
707 1406 872 1442 custode
894 1409 1053 1451 reverti,

194 1467 278 1512 sed,
299 1480 363 1504 me
385 1469 452 1517 qui
472 1466 654 1503 timidam
676 1465 922 1515 prenderet,l
943 1465 1068 1502 hostis
1089 1470 1184 1502 erat.

140 1530 172 1563 si
193 1540 399 1576 progressa
418 1527 557 1572 forem,
579 1539 741 1575 caperer
760 1539 812 1562 ne
833 1531 952 1562 nocte
972 1526 1178 1569 timebam,

195 1587 416 1636 quamlibet
436 1587 486 1623 ad
509 1586 651 1622 Priami
670 1599 815 1622 munus
835 1588 938 1622 itura
958 1598 1112 1621 nurum.
1295 1583 1345 1620 20

141 1646 221 1683 Sed
242 1646 336 1683 data
356 1649 441 1692 sim,
463 1649 555 1696 quia
574 1645 706 1682 danda
726 1645 902 1682 fui——tot
921 1645 1105 1681 noctibus
1125 1645 1264 1680 absum

196 1720 270 1743 nec
291 1712 474 1755 repetor3
504 1719 644 1751 cessas,
665 1708 800 1755 iraque
821 1705 932 1741 lenta
952 1710 1020 1741 tua
1041 1710 1112 1741 est.

599 1775 608 1793 ¹
633 1774 797 1806 redderet
816 1775 908 1806 E'Izw.

1319 688 1340 723 Ul

185 1860 200 1873 ‘¹
224 1853 353 1884 Briseis
370 1863 440 1884 was
457 1864 477 1884 a
493 1853 632 1894 captive
649 1853 737 1883 from
756 1852 942 1893 Lyrnesus,
962 1852 997 1882 in
1015 1851 1143 1892 Mysia.
1185 1850 1276 1882 Iliad
1292 1850 1345 1882 IX

143 1898 171 1928 is
190 1897 250 1928 the
268 1897 360 1928 basis
377 1896 412 1927 of
429 1897 501 1927 this
518 1896 634 1927 letter.

186 1941 197 1960 ⁶
222 1941 461 1982 Agamemnon
478 1939 596 1971 forced
614 1939 769 1970 Achilles
787 1945 824 1970 to
840 1940 918 1980 give
935 1949 982 1980 up
1001 1938 1140 1969 Briseis.
1191 1937 1345 1969 Achilles

142 1985 272 2026 having
283 1984 422 2015 refused
436 1988 473 2015 to
484 1983 541 2014 aid
556 1984 616 2014 the
630 1983 775 2021 Greeks,
792 1984 1030 2024 Agamemnon
1043 1985 1120 2013 sent
1130 1992 1174 2012 an
1187 1980 1346 2023 embassy

142 2032 179 2059 to
197 2028 278 2065 him,
299 2027 363 2059 but
382 2028 441 2059 the
455 2026 613 2059 offended
631 2027 774 2058 warrior
790 2025 935 2057 seorned
952 2026 1005 2056 his
1021 2025 1203 2056 advances.

145 2102 191 2137 32
