1409 2282
636 75 776 113 OVID

103 195 232 231 paene
253 185 332 218 suis
352 182 402 218 ad
423 187 464 218 te
486 183 669 218 manibus
689 182 856 218 deducit
875 186 1079 218 amantem
1099 194 1108 223 ;
1231 181 1307 217 315

157 253 273 284 utere
294 247 494 284 mandatis
516 247 773 297 simplicitate
795 248 890 284 viri!

103 314 195 351 Sola
215 317 319 351 iaces
340 314 460 350 viduo
480 319 563 350 tam
583 313 703 363 longa
724 319 842 350 nocte
864 313 984 350 cubili
1003 327 1012 357 ;

156 383 197 416 111
218 380 338 416 viduo
358 382 468 416 iaceo
489 380 594 416 solus
615 385 657 416 et
677 382 761 429 ipse
782 385 881 416 toro.

102 451 143 483 te
164 445 264 482 mihi
284 459 430 495 meque
451 446 525 482 tibi
547 448 772 481 communia
793 445 938 493 gaudia
959 448 1132 495 iungant
1151 458 1159 488 ;

156 512 363 548 candidior
383 511 516 548 medio
538 525 615 547 11οΧ
637 514 712 548 erit
733 511 801 547 illa
821 511 897 547 die.
1231 510 1308 547 320

101 583 199 615 tunc
220 591 295 627 ego
316 578 453 614 iurabo
473 580 635 627 quaevis
655 578 729 613 tibi
750 579 913 613 numina
934 590 1079 626 meque

154 644 401 693 adstringam
422 644 553 680 verbis
572 646 613 679 in
634 656 741 679 sacra
762 642 919 679 vestr-al
941 645 1064 686 meis;

101 715 198 746 tunc
220 722 307 758 ego,
329 711 360 745 si
382 722 462 744 non
484 714 545 745 est
565 708 685 744 fallax
707 708 849 744 fiducia
871 713 1017 753 nostra,

156 775 321 811 efficiam
342 787 544 824 praesens,
566 779 611 810 ut
630 787 720 810 mea
741 787 864 823 regna
885 779 1009 823 petas.

99 844 130 877 si
151 840 279 890 pudet
300 845 342 877 et
362 843 509 876 metuis
531 853 581 876 ne
602 854 666 876 me
688 840 847 876 videare
869 845 1018 884 secuta,
1228 839 1305 876 3:25

154 907 238 953 ipse
260 917 350 940 reus
372 906 456 940 51116
478 909 519 940 te
541 906 716 939 criminis
738 903 854 939 huius
876 916 943 939 ero
962 916 970 946 ;

100 981 192 1003 nam
213 980 356 1016 sequar
377 966 558 1015 Aegidae
580 966 731 1002 factum
752 965 1001 1015 fratrumque
1022 971 1193 1002 tuorum.

153 1029 339 1079 exemplo
359 1032 472 1079 tangi
493 1043 573 1065 non
594 1032 779 1078 propiore
800 1034 925 1078 potes.

98 1098 139 1129 te
162 1095 293 1142 rapuit
313 1092 505 1137 Theseus,
527 1095 708 1142 geminas
732 1091 998 1141 Leucippidas
1019 1091 1075 1127 illi
1095 1104 1102 1135 ;

152 1160 316 1206 quartus
337 1158 378 1191 in
400 1155 594 1205 exemplis
614 1155 907 1191 adnumerabor
927 1168 1013 1202 ego.
1226 1154 1303 1190 330

98 1218 215 1255 Troia
236 1218 369 1255 classis
390 1218 503 1255 adest
525 1221 642 1254 armis
664 1221 858 1254 instructa
879 1220 1050 1267 virisque
1069 1229 1078 1261 3

151 1283 228 1316 iam
249 1280 401 1317 facient
422 1280 573 1317 celeres
594 1294 726 1317 remus
749 1285 788 1317 et
810 1293 904 1316 aura
924 1282 1015 1316 vias.

97 1345 171 1380 ibis
194 1344 416 1380 Dardanias
437 1347 580 1393 ingens
601 1346 740 1391 regina
760 1357 831 1393 per
851 1344 981 1388 urbes,

149 1412 272 1456 teque
294 1420 436 1443 novam
458 1406 597 1443 credet
618 1406 759 1455 vulgus
780 1406 919 1442 adesse
940 1405 1069 1451 deam,

95 1482 252 1519 quaque
269 1469 373 1506 feres
389 1483 559 1519 gressus,
575 1469 796 1505 adolebunt
812 1472 995 1505 cinnama
1014 1468 1208 1513 flammae,
1223 1468 1299 1504 335

150 1546 343 1583 caesaque
365 1536 625 1582 sanguineam
647 1536 806 1569 victima
827 1532 995 1582 planget
1016 1532 1192 1568 humum.

95 1595 199 1631 dona
220 1601 336 1645 pater
356 1595 579 1645 fratresque
601 1601 643 1632 et
664 1609 753 1631 611111
775 1598 982 1644 genetrice
1003 1608 1155 1631 sorores

151 1658 376 1708 Iliadesque
399 1672 536 1694 01111165
557 1663 722 1708 totaque
745 1658 860 1693 Troia
881 1657 1003 1694 dabit.

95 1724 131 1757 ei
152 1721 251 1757 mihi
272 1722 278 1757 ἔ
308 1735 397 1771 pars
418 1735 440 1757 a
460 1735 524 1758 me
546 1724 609 1757 vix
631 1722 778 1757 dicitur
797 1721 878 1757 ulla
898 1720 1032 1757 futuri.

149 1784 263 1833 plura
284 1784 400 1830 feres,
422 1798 541 1834 quani
562 1798 663 1834 quae
684 1784 820 1820 littera
841 1789 976 1820 nostra
995 1782 1130 1820 refert.
1220 1784 1297 1820 340

97 1844 182 1880 Nec
202 1849 247 1881 tu
269 1850 383 1893 rapta
402 1847 513 1890 time,
536 1858 587 1881 116,
608 1858 679 1880 nos
699 1844 783 1881 fera
804 1843 908 1880 bella
928 1849 1160 1893 sequantur,

149 1910 326 1943 concitet
347 1912 389 1943 et
409 1910 511 1943 vires
534 1907 701 1944 Graecia
722 1920 867 1955 magna
889 1919 987 1942 suas.

311 1978 321 1998 ¹
346 1979 390 2010 So
408 1979 488 2011 Par:
515 1990 612 2011 saera
629 1980 704 2011 iura
723 1994 744 2010 ω
763 1992 768 2011 :
795 1984 856 2010 tua
878 1979 951 2010 iura*
969 1979 1062 2010 Ehw.

96 2054 171 2077 220
