1409 2282
598 118 601 120 ,
627 73 767 111 OVID

93 179 257 230 Iamque
279 179 458 229 fatigatis
480 193 618 217 umero
638 180 711 217 sub
731 185 902 230 utroque
922 179 1082 216 lacertis

145 239 306 277 fortiter
325 243 365 275 in
387 253 559 277 summas
581 243 711 290 erigor
730 240 835 277 altus
855 253 986 290 aquas.

91 305 136 337 ut
157 300 294 350 procul
315 303 453 349 aspexi
473 300 626 347 lumen,
648 305 797 337 “meus
818 303 922 350 ignis
942 303 983 336 in
1004 300 1072 336 illo
1093 305 1156 337 est
1174 313 1181 336 :
1249 300 1299 336 85

145 360 212 396 illa
232 360 406 405 meum‚'’
429 360 525 403 dixi,
547 365 571 381 “
588 361 704 397 litora
724 360 863 397 lumen
880 361 893 383 1
914 360 1068 397 habent
1086 360 1093 396 l
1109 359 1130 371 ‘'

92 426 134 457 et
154 421 287 457 subito
307 420 418 456 lassis
439 423 542 457 vires
562 420 718 457 rediere
740 420 911 466 lacertis,

146 483 320 530 visaque,
343 494 461 530 quam
482 480 627 526 fuerat,
649 480 805 517 mollior
825 480 933 517 unda
953 480 1062 517 mihi.

96 540 242 589 frigora
263 553 314 576 ne
335 543 483 589 possim
504 540 628 589 gelidi
650 543 801 577 sentire
822 540 1025 590 profundi,

145 603 213 650 qui
235 600 340 637 calet
360 603 402 636 in
423 600 569 649 cupido
590 605 767 649 pectore,
789 605 968 649 praestat
987 613 1107 636 amor.
1251 600 1300 637 90

92 674 171 710 quo
192 663 319 709 magis
339 660 487 696 accedo
508 663 772 709 propioraque
793 659 909 696 litora
931 659 1045 705 fiunt,

145 733 305 771 quoque
325 723 459 757 minus
480 726 618 766 restat,
640 720 729 770 plus
750 720 850 757 libet
871 723 927 757 ire
948 720 1058 757 mihi.

93 794 185 818 cum
207 794 300 817 vero
320 794 481 830 possum
503 783 610 817 cerni
634 794 806 830 quoque,
828 783 1011 830 protinus
1031 780 1145 817 addis

146 844 364 890 spectatrix
385 844 550 886 animosJ
573 846 618 878 ut
639 841 873 891 valeamque
894 840 1001 877 facis.

94 915 201 938 nunc
223 904 344 938 etiam
366 901 500 937 nando
520 901 706 937 dominae
728 900 923 950 placuisse
944 900 1092 946 laboro,
1252 900 1302 937 95

147 967 269 1011 atque
291 961 415 998 oculis
436 964 540 998 iacto
561 960 746 998 bracchia
767 966 903 997 nostra
923 963 1013 997 tuis.

92 1027 133 1058 te
154 1027 223 1058 tua
245 1024 309 1057 vix
330 1021 517 1071 prohibet
532 1013 673 1058 'nutrix
695 1020 943 1057 descendere
965 1023 1005 1056 in
1025 1020 1210 1057 altum—-

147 1081 222 1118 hoc
243 1096 402 1132 quoque
425 1085 533 1118 enim
554 1081 647 1125 vidi,
670 1095 745 1117 nec
766 1080 864 1116 mihi
887 1081 1007 1117 verba
1028 1080 1160 1117 dabas.

92 1156 166 1178 nec
187 1148 326 1178 tamen
347 1142 492 1187 effecit,
515 1144 693 1191 quamvis
715 1142 919 1178 retinebat
940 1146 1119 1187 euntem,

146 1210 197 1233 ne
220 1196 334 1233 fieret
356 1199 482 1245 prima
503 1209 573 1245 pes
595 1201 688 1232 tuus
710 1195 810 1232 udus
832 1209 944 1245 aqua.
1224 1195 1298 1232 100

93 1259 242 1306 excipis
262 1257 451 1306 amplexu
473 1256 685 1306 feliciaque
707 1256 839 1292 oscula
860 1259 1049 1305 iungis—

146 1317 292 1362 oscula‚
314 1317 354 1353 di
375 1319 523 1367 magni,
545 1322 655 1353 trans
675 1330 784 1353 mare
806 1316 929 1363 digna
950 1318 1036 1365 peti
1052 1316 1116 1352 1——

94 1390 196 1427 eque
218 1380 297 1414 tuis
318 1378 505 1427 demptos
527 1379 673 1414 umeris
694 1376 792 1413 mihi
814 1376 938 1413 tradis
959 1378 1141 1421 amictus,

148 1443 190 1474 et
211 1438 414 1474 madidam
436 1440 557 1474 siccas
578 1439 760 1487 aequoris
782 1437 909 1473 imbre
931 1449 1095 1472 comam.

93 1497 237 1534 Cetera
259 1511 336 1534 nox
359 1503 401 1534 et
422 1511 492 1533 nos
515 1502 556 1534 et
576 1499 696 1533 turris
718 1499 875 1533 conscia
896 1499 1019 1541 novit,
1228 1495 1302 1531 105

146 1557 334 1607 quodque
355 1557 453 1593 mihi
474 1557 611 1593 lumen
633 1570 704 1605 per
725 1556 824 1592 vada
845 1561 1042 1592 monstrat
1062 1558 1149 1592 iter.

93 1630 174 1653 non
195 1620 321 1666 magis
343 1617 448 1653 illius
469 1619 670 1653 numerari
691 1616 836 1665 gaudia
857 1619 986 1652 noctis

148 1677 468 1726 Hellespontiaci
492 1690 611 1726 quam
632 1678 750 1712 maris
771 1676 861 1725 alga
881 1681 1016 1725 potest
1033 1688 1041 1719 ;

92 1751 171 1787 quo
191 1738 350 1774 brevius
371 1740 542 1786 spatium
566 1737 680 1773 nobis
700 1736 750 1772 ad
772 1735 877 1772 furta
900 1736 1082 1780 dabatur,

146 1797 222 1833 hoc
243 1800 368 1846 magis
390 1803 452 1833 est
473 1802 647 1841 cautum,
669 1809 720 1832 ne
742 1795 847 1832 foret
867 1795 967 1832 illud
988 1798 1105 1831 iners.
1229 1792 1304 1830 110

95 1857 260 1907 Iamque
281 1857 467 1906 fugatura
488 1856 653 1893 Tithoni
675 1859 845 1905 coniuge
866 1861 1028 1892 noctem

148 1920 330 1966 praevius
352 1917 530 1954 Aurorae
552 1916 714 1953 Lucifer
734 1922 843 1953 ortus
865 1920 975 1959 erat3

483 1992 493 2011 ¹
517 1992 653 2024 lument
670 1992 722 2024 P:
748 2002 876 2023 numen
894 2004 919 2023 s.

95 2051 171 2088 250
