1445 2297
694 62 835 100 OVID

159 168 261 218 ipse1
282 168 391 205 locus
411 181 634 214 nemorum,
655 169 826 206 canebat
846 168 1027 219 frugibus
1049 169 1153 216 Ide,2

215 245 257 277 et
277 239 385 277 ferus
405 243 446 276 in
468 240 564 277 silva
584 240 688 277 farra
708 241 890 278 metebat
910 254 1016 291 aper.
1318 242 1368 279 40

160 314 314 361 optavit
336 311 469 348 Minos
490 311 638 349 similes
659 313 733 349 sibi
753 311 898 362 legifer
917 326 1055 359 annos,

214 385 380 432 optavit,
403 383 558 420 Cereris
578 383 723 433 longus
744 388 789 420 ut
810 389 917 420 esset
936 397 1056 420 amor.

161 451 281 499 Quod
300 454 375 489 tibi
396 454 599 490 secubitus
619 456 768 499 tristes,
790 454 866 490 dea
886 453 996 499 flava,
1018 453 1201 501 fuissent,

215 524 289 560 hoe
311 538 431 574 cogor
450 527 569 562 sacris
589 538 697 561 nune
718 538 793 574 ego
814 524 919 562 ferre
939 526 1048 563 tuis?

160 609 229 633 cur
250 609 326 646 ego
346 599 420 633 sim
440 599 578 642 tristis,
601 610 692 634 eum
713 599 764 634 sit
784 598 858 634 tibi
878 603 973 634 nata
993 603 1153 647 reperta
1319 599 1368 635 45

213 682 419 719 regnaque
440 682 559 719 quam
581 668 684 706 Iuno
705 674 811 706 sorte
832 672 986 706 minore
1007 670 1152 719 regat?

159 740 262 778 festa
283 740 369 778 dies
389 740 673 791 Veneremque
694 747 810 778 vocat
830 747 1052 791 cantusque
1072 754 1310 792 merumque
1329 755 1338 787 ;

212 812 313 850 haec
333 812 454 850 decet
473 813 522 850 ad
544 813 727 850 dominos
747 827 915 851 munera
935 813 1039 851 ferre
1060 813 1168 852 deos.

718 959 814 996 XIa

161 1058 307 1096 MULTA
329 1059 478 1109 diuque
500 1060 574 1096 tuli
591 1073 599 1104 ;
629 1062 735 1097 vitiis
756 1063 953 1110 patientia
974 1064 1079 1098 victa
1100 1067 1187 1107 est3

214 1131 313 1167 cede
334 1130 505 1180 fatigato
525 1137 704 1181 pectore,
725 1135 854 1182 turpis
873 1146 984 1169 amor
1002 1134 1008 1169 ἔ

158 1201 312 1239 scilicet
331 1202 489 1239 adserui
510 1205 588 1238 iam
609 1216 674 1240 me
696 1202 863 1253 fugique
884 1209 1059 1250 catenas,

213 1278 256 1310 et
275 1286 378 1323 quae
399 1286 480 1309 non
501 1274 646 1323 puduit
666 1274 784 1320 ferre,
805 1274 945 1312 tulisse
966 1275 1105 1325 pudet.

158 1347 324 1382 vicimus
345 1350 387 1382 et
407 1345 606 1382 domitum
626 1346 796 1395 pedibus
818 1346 1016 1385 calcamus
1036 1361 1237 1393 a1n0rem3
1346 1349 1368 1385 5

212 1421 413 1453 venerunt
434 1419 555 1466 capiti
575 1430 723 1454 cornua
744 1431 830 1454 sera
849 1431 951 1455 meo.

158 1487 292 1537 perfer
313 1493 356 1525 et
376 1488 529 1525 obdura
548 1489 555 1525 ἔ
572 1488 586 1512 3
616 1489 729 1526 dolor
750 1489 814 1526 hic
834 1491 909 1527 tibi
928 1491 1109 1540 proderit
1129 1491 1224 1528 olim
1243 1505 1251 1536 ;

212 1574 332 1610 saepe
353 1561 448 1598 tulit
468 1561 579 1598 lassis
600 1575 716 1599 sucus
736 1575 892 1599 amarus
912 1575 1041 1612 opem.

161 1631 268 1682 Ergo
293 1646 369 1682 ego
390 1635 572 1678 sustinui,
594 1632 745 1670 foribus
764 1638 848 1670 tam
870 1647 988 1683 saepe
1010 1635 1205 1684 repulsus,

212 1706 435 1753 ingenuum
456 1704 554 1741 dura
574 1705 726 1754 ponere
746 1718 888 1754 corpus
908 1705 1060 1743 humo?
1321 1706 1369 1743 10

159 1789 256 1825 ergo
277 1789 353 1825 ego
374 1779 508 1813 nescio
529 1779 604 1822 cui,
626 1790 747 1827 quem
767 1782 812 1814 tu
834 1777 1029 1827 conplexa
1049 1779 1230 1824 tenebas,

214 1850 384 1886 excubui
405 1849 578 1886 clausam
600 1863 735 1886 servus
756 1855 801 1886 ut
821 1855 916 1886 ante
937 1849 1129 1887 domum?

403 1923 416 1944 ¹
439 1925 513 1966 ipsa
529 1924 632 1957 Naem.
721 1924 734 1943 2
756 1925 819 1957 Ide
836 1927 939 1966 vulya
963 1925 1049 1957 Idae
1067 1926 1110 1957 P.

405 1968 418 1987 3
441 1969 486 2000 So
503 1969 605 2010 vzclya
632 1969 787 2010 perferre
804 1969 950 2008 obdura,
971 1970 1015 2011 Pl
1034 1971 1079 2001 M
1078 1970 1146 2002 erk.

160 2031 236 2075 488
