1409 2282
703 124 842 162 OVID

171 235 214 266 et
233 233 364 266 minus
385 235 446 267 est
466 233 507 266 in
527 235 569 267 te
590 244 709 280 quam
730 244 883 267 summa
903 230 1059 279 pondus
1080 233 1212 276 arista,

226 297 327 334 quae
348 284 445 321 levis
465 284 640 321 adsiduis
660 284 807 321 solibus
829 290 918 321 usta
937 287 1052 334 riget.

173 338 264 374 Hoc
284 344 502 375 tua—nam
522 339 912 388 recolo—quondam
932 352 1124 388 germana
1144 340 1327 385 canebat,

225 395 280 429 sic
300 393 398 429 mihi
418 393 568 429 diffusis
588 396 803 429 vaticinata
825 396 946 429 comis
966 407 973 430 :

171 450 194 466 “
211 447 306 496 quid
354 447 462 492 facis,
511 447 708 484 Oenone?
775 447 870 497 quid
917 447 1090 484 harenae
1137 451 1289 484 semina

279 501 444 538 mandas
457 503 470 538 ?
1296 503 1311 539 1
1324 503 1369 538 15

224 569 305 591 non
325 555 562 604 profecturis
582 555 699 592 litora
719 556 848 592 bubus
868 569 963 592 aras.

170 609 290 646 Graia
310 613 477 646 iuvenca
497 613 621 654 venit,
642 623 743 659 quae
765 615 806 646 te
828 613 1077 660 patriamque
1098 610 1343 660 domumque

224 664 390 713 perdat!
421 667 458 700 io
478 664 668 713 prohibe!
728 664 846 700 Graia
867 667 1034 701 iuvenca
1054 665 1187 701 venit!

168 718 266 755 dum
285 718 393 764 licet,
415 719 628 755 obscenam
648 724 773 767 ponto
792 718 1018 767 demergite
1034 719 1047 742 1
1069 721 1235 768 puppim
1253 719 1260 755 1

222 772 324 809 heu!
383 778 578 822 quantum
600 772 762 822 Phrygii
782 776 986 822 sanguinis
1006 772 1072 808 illa
1093 772 1203 809 vehit
1221 773 1228 809 !
1247 773 1267 784 ’'
1295 774 1368 810 120

171 826 363 871 Dixerat3
393 830 434 863 in
454 840 569 864 cursu
592 826 763 863 famulae
785 840 952 876 rapuere
973 826 1175 863 furentem
1195 840 1202 870 ;

222 886 264 918 at
283 881 381 917 mihi
401 881 593 918 flaventes
613 881 814 930 diriguere
836 895 982 918 comae.

167 949 201 980 a,
232 938 399 972 nimium
419 938 587 972 miserae
607 941 718 972 vates
738 935 836 971 mihi
856 949 948 972 vera
967 935 1135 972 fuisti—

223 990 413 1039 possidet,
435 1003 499 1035 en,
520 989 643 1026 saltus
664 989 758 1025 111ε12
778 992 945 1026 iuvenca
965 1003 1074 1026 meos
1091 991 1097 1026 !

167 1047 218 1081 sit
239 1044 339 1080 facie
361 1047 538 1094 quamvis
559 1046 738 1093 insignis,
759 1044 942 1080 adultera
962 1050 1071 1081 certe
1093 1049 1178 1087 est3
1293 1045 1366 1081 125

222 1098 401 1135 deseruit
421 1101 545 1135 socios
566 1098 724 1147 hospite
746 1103 861 1147 capta
881 1098 988 1135 deos.

166 1152 274 1188 illam
295 1152 346 1189 de
367 1156 494 1202 patria
513 1152 823 1189 Theseus—nisi
844 1155 1005 1188 nomine
1026 1152 1197 1188 fallor—

220 1210 354 1243 nescio
375 1210 461 1256 quis
481 1206 660 1243 Theseus
680 1206 847 1243 abstulit
866 1212 960 1243 ante
981 1220 1060 1243 sua.

165 1274 188 1296 a
207 1264 351 1298 iuvene
373 1267 415 1298 et
434 1261 579 1310 cupido
600 1260 786 1297 credatur
806 1261 963 1297 reddita
983 1264 1093 1310 virgo
1110 1262 1124 1297 ?

219 1315 327 1352 unde
348 1315 422 1352 hoc
443 1318 693 1364 conpererim
712 1320 795 1351 tam
816 1316 933 1360 bene,
953 1316 1135 1365 quaeris?
1157 1328 1256 1351 amo.
1291 1315 1366 1352 130

166 1372 245 1405 vim
265 1370 360 1406 licet
380 1369 558 1419 appelles
580 1375 622 1406 et
642 1369 800 1418 culpam
820 1372 982 1405 nomine
1004 1369 1111 1406 veles
1130 1382 1138 1413 ;

220 1437 321 1473 quae
342 1427 492 1461 totiens
513 1429 626 1473 rapta
648 1429 721 1469 est,
742 1424 928 1473 praebuit
948 1426 1031 1472 ipsa
1052 1427 1145 1472 rapi.

163 1483 206 1514 at
225 1483 363 1515 manet
384 1478 554 1515 Oenone
576 1477 733 1514 fallenti
754 1483 862 1514 casta
881 1481 1080 1514 marito—

219 1537 261 1568 et
281 1537 440 1581 poteras
461 1531 545 1568 falli
566 1532 722 1581 legibus
742 1534 827 1581 ipse
848 1533 948 1568 tuis!

165 1586 233 1622 Me
255 1586 385 1636 Satyri
407 1586 720 1622 celeres—silvis
740 1599 816 1634 ego
836 1591 944 1622 tecta
964 1586 1195 1622 latebam—
1290 1586 1363 1622 135

217 1643 476 1690 quaesierunt
496 1640 647 1689 rapido,
668 1641 785 1676 turba
806 1645 1004 1689 proterva,
1025 1640 1144 1689 pede'

162 1697 495 1744 cornigerumque
517 1700 637 1743 caput
657 1697 753 1743 pinu
775 1697 1025 1743 praecinctus
1045 1699 1162 1731 acuta

218 1748 376 1785 Faunus
398 1752 439 1784 in
459 1751 663 1794 inmensis,
685 1762 761 1798 qua
782 1753 914 1785 tumet
936 1748 1020 1793 Ida,
1042 1751 1155 1797 iugis.

422 1817 431 1837 ¹
455 1818 642 1860 dimergite
660 1831 693 1850 5:
720 1817 755 1849 di
773 1818 920 1859 mergite
939 1818 972 1849 Ε
985 1817 1113 1849 ςΗεὶη.

422 1861 434 1880 2
455 1862 562 1893 Graia
581 1862 609 1893 G
625 1861 737 1893 Merk.
755 1874 762 1893 :
789 1862 850 1892 illa
866 1861 931 1892 Εω
943 1861 1047 1892 Plan.

203 1946 219 1960 ‘²
242 1940 447 1973 Cassandra.

203 1984 216 2003 ²²
239 1984 392 2016 Theseus
418 1983 486 2015 and
513 1983 693 2015 Pirithous
718 1983 787 2014 had
816 1982 951 2015 carried
977 1993 1078 2024 away
1096 1982 1209 2014 Helen
1238 1983 1273 2014 in
1298 1982 1361 2013 her

159 2027 257 2069 early
273 2028 393 2070 youth.

161 2091 210 2126 66
