1409 2282
700 117 840 155 OVID

165 226 280 261 testis
302 226 379 261 erit
400 223 613 274 Calydonis
634 236 743 273 aper,
765 226 820 260 sie
840 236 992 270 saevus,
1014 229 1060 261 ut
1088 223 1156 260 illo

219 281 271 316 sit
292 281 418 328 magis
438 281 480 314 in
500 283 640 315 natum
661 291 777 315 saeva
797 283 958 328 reperta
978 291 1133 328 parens.

163 336 280 370 testis
303 338 344 369 et
365 332 561 378 Actaeon,
583 332 789 382 quondum
810 331 894 369 fera
914 333 1090 370 creditus
1119 333 1208 378 illis,

217 390 301 437 ipse
323 386 438 424 dedit
458 387 541 423 leto
564 400 653 423 cun]
675 388 817 437 quibus
838 392 932 424 ante
953 387 1056 424 feras
1075 400 1083 431 ;

161 455 344 492 quaeque
365 442 536 491 superba
556 455 700 491 parens
720 454 813 478 saxo
834 455 906 491 per
926 455 1068 491 corpus
1090 442 1231 479 oborto
1292 442 1366 479 105

217 509 324 533 nunc
345 509 503 546 quoque
527 496 747 546 Mygdonia
767 495 907 532 flebilis
928 496 1062 533 adstat
1082 496 1214 533 humo.

164 550 211 586 Ei
232 550 330 586 mihi
349 551 355 587 !
379 550 574 600 Cydippe,
594 553 719 587 timeo
739 551 813 587 tibi
834 550 969 587 dicere
991 564 1142 596 verum,

218 618 268 642 ne
291 604 427 641 videar
447 618 564 641 causa
584 604 681 641 falsa
701 618 866 641 monere
886 618 976 641 mea
994 618 1002 649 ;

161 659 380 697 dicendum
399 665 537 696 tamen
559 664 631 696 est.
693 658 768 695 hoe
789 659 879 705 est,l
900 659 997 695 mihi
1029 659 1161 705 erede,
1183 659 1289 709 quod

269 727 389 763 aegra

216 771 301 817 ipso
322 767 502 804 nubendi
525 773 707 817 tempore
729 781 848 817 saepe
870 770 985 804 iaces.
1293 768 1370 806 110

163 822 335 859 consulit
355 825 439 872 ipsa
459 823 545 867 tibi,
567 835 646 859 neu
668 825 719 859 sis
740 825 910 871 periura,
932 822 1098 868 laborat,

216 882 258 913 et
278 876 425 913 salvam
447 876 552 913 salva
573 882 615 913 te
637 879 749 926 cupit
771 890 856 913 esse
879 876 968 914 fide.

161 931 257 968 inde
278 931 323 968 fit
343 937 400 976 ut,
422 934 608 981 quotiens
629 934 802 968 existere
822 931 974 980 perfida
1003 936 1192 981 temptas,

216 991 427 1035 peccatum
448 988 597 1022 totiens
618 988 791 1035 corrigat
820 985 887 1021 illa
906 991 1032 1022 tuum.

161 1054 279 1090 parce
300 1053 461 1077 movere
482 1039 586 1077 feros
607 1042 809 1077 animosae
831 1043 994 1089 virginis
1014 1053 1126 1077 arcus
1143 1053 1151 1084 ;
1292 1040 1367 1077 115

215 1098 323 1131 mitis
344 1094 475 1131 adhuc
497 1094 593 1140 fieri,
617 1097 648 1131 si
669 1097 835 1143 patiare,
857 1100 1002 1144 potest.

160 1162 291 1199 parce,
313 1162 465 1198 precor,
487 1154 649 1186 teneros
671 1162 925 1198 corrumpere
946 1148 1124 1185 febribus
1145 1154 1254 1186 artus
1270 1162 1279 1194 3

220 1209 402 1241 servetur
422 1203 543 1239 facies
564 1206 640 1239 ista
660 1202 831 1239 fruenda
851 1203 959 1239 mihi.

159 1263 371 1295 serventur
391 1257 524 1294 vultus
544 1257 594 1294 ad
615 1263 749 1294 nostra
770 1257 957 1294 incendia
977 1260 1073 1302 nati,

215 1315 363 1362 quique
384 1313 522 1349 subest
543 1315 660 1348 niveo
679 1311 781 1348 lenis
795 1311 809 1334 '3
829 1315 870 1347 in
891 1325 958 1348 ore
979 1312 1108 1348 rubor.
1294 1312 1369 1349 120

162 1366 342 1403 hostibus
364 1372 405 1403 et
426 1369 559 1416 siquis,
582 1379 632 1402 ne
656 1366 722 1402 fias
752 1371 900 1412 nostra,
921 1371 1134 1416 repugnat,

215 1424 270 1457 sie
290 1423 342 1457 sit
362 1426 407 1457 ut
427 1420 601 1457 invalida
621 1426 662 1457 te
684 1420 787 1463 solet
808 1433 894 1457 esse
915 1420 1012 1456 mihi
1031 1421 1038 1456 !

159 1480 348 1525 torqueor
369 1488 417 1511 ex
438 1488 566 1525 aequo
587 1475 649 1511 vel
670 1480 711 1511 te
733 1475 914 1511 nubente
935 1475 998 1512 vel
1019 1488 1138 1523 aegra

214 1529 348 1566 dicere
369 1543 444 1566 nec
465 1542 638 1578 possum,
660 1529 756 1579 quid
776 1531 907 1566 minus
928 1531 1012 1579 ipse
1033 1529 1178 1573 velim;
1284 1578 1288 1580 ἡ

158 1596 337 1620 maceror
356 1583 574 1629 interdum,
597 1583 703 1633 quod
724 1586 797 1619 Sim
816 1584 890 1619 tibi
911 1596 1027 1620 causa
1048 1583 1211 1631 dolendi
1294 1584 1367 1620 125

213 1643 336 1688 teque
357 1651 446 1674 mea
466 1637 571 1674 laedi
588 1637 808 1674 eaHiditate
824 1642 934 1687 puto.

160 1694 201 1728 in
222 1697 343 1742 caput
364 1697 409 1729 ut
429 1697 611 1729 nostrum
631 1691 817 1728 dominae
837 1694 1010 1741 periuria
1031 1705 1178 1742 quaeso

215 1749 428 1790 eveniant3
458 1759 588 1796 poena
608 1751 697 1783 tuta
719 1749 770 1783 sit
790 1746 857 1782 illa
876 1760 966 1783 mea
983 1747 990 1782 3

308 1845 317 1863 ¹
343 1848 382 1877 tu
400 1845 496 1877 Ehw.
651 1844 664 1864 2
690 1845 778 1877 lenis
796 1845 850 1877 P5
866 1859 873 1878 ε
900 1845 987 1876 levis
1006 1858 1050 1877 w:
1077 1845 1191 1876 laetus
1211 1859 1235 1877 s.

197 1946 219 1989 ἀ
242 1928 430 1982 Meleager,
450 1940 567 1971 whose
584 1940 722 1972 mother
739 1940 920 1972 Althaea’s
936 1950 1043 1982 anger
1060 1951 1130 1971 was
1148 1939 1303 1982 inspired
1321 1940 1367 1982 by

160 1983 227 2047 DI?
229 1995 366 2066 11Na.i0be‚
386 2027 473 2059 with
491 2027 553 2059 the
570 2027 729 2060 children
747 2027 784 2059 of
799 2027 914 2059 whom
931 2027 992 2059 she
1008 2026 1167 2066 boasted,
1189 2038 1260 2059 was
1277 2027 1365 2062 slain

163 2090 236 2126 282
