1445 2297
683 89 822 127 OVID

151 197 301 234 femina
322 196 513 234 silvestris
537 196 727 245 Lapithas
747 196 1022 245 populumque
1043 194 1254 231 biformem

206 263 381 309 turpiter
400 259 582 308 adposito
605 262 726 296 vertit
745 262 785 294 in
807 272 915 295 arma
935 272 1046 294 mero
1064 271 1072 299 ;
1305 257 1354 292 20

152 327 303 363 femina
324 326 515 361 Troianos
536 327 682 361 iterum
704 338 803 361 nova
825 324 930 361 bella
951 337 1111 360 movere

206 389 355 438 inpulit
374 392 415 424 111
436 402 574 438 regno,
594 391 698 425 iuste
722 388 880 433 Latine,
898 392 969 424 tuo
988 400 996 430 3

152 452 302 489 femina
326 452 512 489 Romanis
533 454 765 488 etiamnunc
786 452 884 487 urbe
904 453 1058 487 recenti

207 518 359 552 inmisit
380 528 535 551 soceros
555 527 744 564 armaque
766 527 881 550 saeva
902 513 1028 551 dedit.

154 577 247 614 Vidi
268 590 345 626 ego
365 590 436 626 pro
457 579 573 613 nivea
593 581 823 625 pugnantes
843 578 1014 625 coniuge
1035 581 1193 618 tauros;
1306 574 1355 610 25

209 643 426 690 spectatrix
448 642 600 675 animos
621 642 706 688 ipsa
726 641 894 675 iuvenca
915 638 1046 675 dabat.

154 716 219 740 me
241 716 413 753 quoque,
435 705 502 752 qui
523 702 685 747 multos,
705 701 776 738 sed
796 714 861 738 me
883 704 967 738 sine
989 701 1126 745 caede,
1148 700 1303 749 Cupido

207 769 324 802 iussit
345 766 512 802 militiae
534 768 647 815 signa
667 778 827 802 movere
849 778 953 801 suae.

697 963 799 999 XIII

156 1064 255 1101 DUM
276 1063 494 1100 labefactat
513 1076 613 1099 onus
632 1062 786 1112 gravidi
805 1064 1018 1099 temeraria
1038 1063 1201 1106 ventris,

211 1128 252 1160 in
273 1124 395 1161 dubio
415 1126 521 1160 vitae
542 1123 643 1160 lassa
663 1123 835 1159 Corinna
856 1125 969 1159 iacet.

157 1185 224 1221 illa
245 1184 409 1234 quidem
431 1183 532 1219 clam
552 1196 617 1219 me
639 1188 799 1219 tantum
818 1182 957 1218 molita
978 1181 1116 1231 pericli

211 1247 267 1280 ira
287 1244 410 1293 digna
429 1256 517 1279 mea
537 1255 545 1286 ;
575 1242 645 1279 sed
666 1242 774 1278 cadit
794 1245 850 1278 ira
869 1247 992 1278 metu.

159 1305 229 1341 sed
250 1310 388 1341 tamen
409 1308 477 1339 aut
500 1316 548 1339 ex
569 1316 633 1339 1116
656 1307 1024 1351 conceperat—aut
1045 1314 1120 1351 ego
1141 1300 1261 1337 credo
1278 1313 1286 1343 ;
1336 1300 1358 1335 5

214 1369 275 1401 est
296 1363 394 1399 mihi
415 1376 486 1412 pro
506 1362 613 1399 facto
634 1375 766 1411 saepe,
788 1362 895 1412 quod
917 1375 1002 1399 esse
1023 1366 1168 1411 potest.

160 1425 226 1470 Isi,
250 1424 530 1460 Paraetonium
551 1422 804 1472 genialiaque
824 1435 916 1458 arva
937 1422 1088 1471 Canopi

214 1497 316 1534 quae
337 1483 432 1519 colis
453 1488 494 1519 et
516 1482 728 1531 Memphin
748 1481 1079 1531 palmiferamque
1102 1481 1270 1525 Pharon,

160 1558 318 1595 quaque
339 1544 446 1581 celer
467 1543 582 1580 Nilus
602 1543 683 1580 lato
704 1543 890 1592 delapsus
910 1546 951 1579 in
971 1543 1084 1579 alveo

214 1618 286 1654 per
306 1609 463 1653 septem
483 1609 622 1653 portus
642 1606 682 1639 in
703 1606 820 1640 maris
841 1606 924 1639 exit
944 1615 1077 1652 aquasj
1315 1602 1362 1638 10

161 1678 232 1714 per
252 1670 321 1701 tua
342 1667 457 1700 sistra
477 1677 628 1713 precor,
650 1676 722 1712 per
742 1662 941 1699 Anubidis
961 1676 1028 1698 ora
1049 1661 1270 1698 verendi—-

216 1728 269 1761 sic
290 1730 360 1761 tua
380 1737 489 1760 sacra
508 1727 596 1773 pius
617 1736 775 1772 semper
796 1722 921 1760 Osiris
942 1728 1062 1768 amet,

160 1788 353 1834 pigraque
374 1784 531 1820 labatur
551 1786 654 1820 circa
673 1783 835 1819 donaria
862 1796 1038 1831 serpens,

217 1850 259 1881 et
279 1857 411 1881 comes
432 1847 471 1879 111
493 1857 639 1893 pompa
659 1846 841 1892 corniger
862 1843 960 1891 Apis
981 1848 1046 1879 eat
1063 1843 1069 1878 Ῑ

206 1955 221 1969 ‘¹
245 1949 318 1980 The
335 1948 517 1981 Centaurs.
621 1948 633 1967 ²²
657 1947 730 1978 The
748 1958 819 1978 war
835 1947 871 1978 of
887 1947 1024 1978 Aeneas
1039 1945 1108 1977 and
1126 1946 1265 1977 Turnus
1281 1956 1364 1977 over

164 1993 322 2030 Lavinia,
342 1992 518 2033 daughter
533 1991 569 2022 of
594 1991 752 2023 Latinus.

163 2068 241 2102 420
