1445 2297
697 90 835 128 OVID

164 201 286 248 inque
306 200 537 234 ministeriis
557 196 728 233 furtivae
750 199 911 243 cognita
931 198 1058 232 noctis

218 260 327 297 utilis
349 265 390 297 et
410 259 552 296 dandis
573 261 780 309 ingeniosa
800 261 905 295 notis

164 336 283 372 saepe
304 326 440 359 venire
460 322 511 359 ad
531 335 595 359 me
616 322 871 358 dubitantem
892 321 1051 358 hortata
1071 321 1296 366 Corinnam,
1345 321 1367 358 5

218 399 337 435 saepe
358 385 555 422 laboranti
576 384 653 422 fida
672 389 833 434 reperta
851 383 1004 420 mihi—

163 451 299 498 accipe
321 453 363 485 et
382 448 433 485 ad
453 448 656 485 dominam
676 452 877 497 peraratas
897 459 1016 483 mane
1038 445 1207 483 tabellas

218 511 352 560 perfer
372 516 414 548 et
434 512 640 548 obstantes
660 509 799 547 sedula
818 509 924 559 pelle
944 522 1073 546 moras
1091 509 1097 545 !

163 586 239 610 nec
259 573 413 610 silicum
435 586 560 610 venae
581 585 656 609 nec
676 571 821 609 durum
841 575 882 607 in
903 576 1066 620 pectore
1086 570 1249 616 serrum,

217 649 293 672 nec
313 636 387 672 tibi
408 635 640 685 simplicitas
660 635 799 671 ordine
821 637 945 670 maior
970 633 1096 670 adest.
1321 633 1368 670 10
1402 668 1410 673 ,

164 698 354 735 credibile
376 703 438 735 est
459 703 500 735 et
519 703 561 735 te
583 700 751 734 sensisse
773 696 979 746 Cupidinis
999 709 1167 733 arcus—

217 763 258 796 in
278 774 343 797 me
363 760 530 797 militiae
551 762 663 809 signa
683 764 798 796 tuere
819 764 912 795 tuae
929 758 935 795 !

163 825 195 860 si
215 828 383 872 quaeret
403 822 498 872 quid
519 835 647 871 agam,
669 835 738 871 spe
759 824 888 858 noctis
908 823 1040 857 vivere
1061 820 1193 864 dices3

218 891 352 922 cetera
372 885 452 922 fert
471 885 618 921 blanda
639 898 729 921 cera
749 889 888 921 notata
910 897 1042 920 manu.

166 948 273 985 Dum
317 948 469 998 loquor,
508 948 604 984 hora
648 947 763 996 fugit.
822 960 968 983 vacuae
1013 947 1117 983 bene
1162 946 1287 983 redde

271 1010 452 1056 tabellas,
1321 1009 1367 1045 15

218 1087 355 1110 verum
377 1076 568 1110 continuo
587 1072 649 1109 fac
669 1078 806 1110 tamen
827 1072 894 1108 illa
920 1072 1040 1122 legat.

163 1136 358 1186 adspicias
379 1136 512 1173 oculos
533 1135 680 1172 mando
700 1134 956 1184 frontemque
977 1133 1151 1183 legentis
1171 1146 1179 1178 ;

218 1213 239 1235 e
260 1202 384 1236 tacito
405 1199 517 1236 vultu
539 1201 638 1235 scire
659 1197 793 1234 futura
814 1197 920 1234 licet.

163 1276 238 1299 nec
258 1276 379 1308 mora,
401 1262 589 1312 perlectis
608 1262 801 1298 rescribat
820 1260 959 1305 multa,
980 1260 1142 1303 iubeto;

217 1325 295 1371 odi,
317 1339 407 1363 cum
427 1325 508 1362 late
529 1324 741 1374 splendida
761 1337 851 1361 cera
870 1327 993 1359 vacat.
1319 1322 1368 1359 20

163 1391 387 1438 conprimat
406 1388 611 1424 ordinibus
631 1400 779 1432 versus,
800 1385 1014 1435 oculosque
1034 1390 1212 1422 moretur

216 1453 396 1500 margine
417 1453 458 1486 in
479 1455 660 1487 extremo
679 1449 815 1486 littera
835 1461 919 1485 rasa
939 1461 1059 1484 meos.

164 1513 273 1559 Quid
294 1513 442 1563 digitos
462 1526 560 1562 opus
582 1518 643 1549 est
663 1511 830 1561 graphio
850 1511 995 1547 lassare
1015 1510 1195 1547 tenendo
1212 1510 1226 1545 ?

217 1576 292 1612 hoc
312 1576 460 1612 habeat
479 1578 673 1625 scriptum
691 1580 778 1611 tota
798 1573 946 1610 tabella
968 1578 992 1593 ‘¹
1004 1576 1095 1609 veni
1116 1572 1158 1609 !⁷'

163 1652 244 1675 non
265 1652 340 1688 ego
361 1641 543 1675 victrices
563 1638 674 1674 lauro
694 1637 880 1674 redimire
904 1635 1073 1673 tabellas
1316 1636 1365 1672 25

217 1715 292 1738 nec
313 1701 480 1738 Veneris
500 1701 632 1738 media
652 1713 801 1750 ponere
822 1702 864 1736 in
883 1699 983 1736 aede
1007 1711 1148 1735 morer.

162 1764 430 1800 subscribam:
462 1767 486 1783 “
500 1775 645 1799 VENEm
667 1775 777 1799 F1DAS
797 1775 867 1798 SIBI
890 1774 986 1798 NAso
1007 1773 1216 1797 M1le'rRAs

219 1838 400 1871 DEDICAT,
423 1838 473 1862 AT
493 1838 625 1862 NUPER
646 1838 731 1863 vim:
753 1837 896 1862 FU1sT1s
917 1823 1054 1861 AOER.’‘

164 2060 240 2109 364
