1409 2282
629 102 768 140 OVID

95 214 137 245 et
157 209 276 246 modo
297 210 508 245 cantabam
528 214 687 245 veteres
708 211 918 257 resupinus
938 222 1104 254 amores,

149 280 192 311 et
211 275 330 311 modo
352 288 422 324 per
443 280 586 311 nutum
608 277 721 324 signa
741 274 920 324 tegenda
939 274 1093 311 dabam.

95 346 137 377 et
158 343 350 377 comitum
371 343 530 389 primas,
552 339 776 389 Clymenen
797 339 1087 390 Aethramque,
1109 345 1268 377 tuarum

147 419 265 443 ausus
286 419 373 442 sum
398 405 555 442 blandis
576 419 705 454 nuper
724 405 834 442 adire
855 408 973 450 soniS,
1223 406 1300 442 260

95 485 196 521 quae
217 471 316 507 mihi
337 485 417 507 non
438 471 559 516 aliud,
581 485 700 521 quam
720 471 948 516 formidare,
969 470 1127 508 locutae

148 540 298 574 orantis
318 537 470 574 medias
492 538 706 574 deseruere
728 550 877 586 preceS.

95 604 148 639 Di
169 603 364 649 facerent,
387 606 563 652 pretium
582 606 717 652 magni
740 605 969 639 certaminis
990 616 1109 648 esses,
1144 604 1147 605 ⁷

147 674 270 719 teque
292 682 362 705 suo
383 674 518 717 posset
538 671 665 705 victor
684 668 832 705 habere
854 673 942 704 toro
959 669 1021 705 l—

93 740 138 771 ut
158 734 254 771 tulit
276 734 556 783 Hippomenes
577 734 829 770 Schoeneida
848 736 1024 783 praemia
1043 747 1191 780 cursus,
1225 735 1299 771 265

148 803 260 837 venit
279 805 325 837 ut
345 803 386 836 in
409 800 602 850 Phrygios
627 799 898 849 Hippodamia
917 802 1037 845 sinus,

95 870 140 902 ut
160 865 267 902 ferus
290 865 452 902 Alcides
477 865 668 902 Acheloia
689 878 836 901 cornua
856 864 991 915 fregit,

148 931 244 967 dum
266 934 370 980 petit
393 931 613 980 amplexus,
636 930 837 973 Deianira,
858 936 958 967 tuos.

94 1002 230 1033 nostra
250 1010 322 1046 per
341 996 411 1033 has
432 996 543 1044 leges
564 996 729 1033 audacia
748 996 908 1033 fortiter
928 999 1037 1042 isset,

149 1065 273 1109 teque
294 1063 374 1096 mei
395 1063 514 1096 scires
536 1073 622 1096 esse
643 1060 788 1096 laboris
809 1073 918 1108 opus.
1223 1060 1299 1098 270

95 1136 201 1158 nunc
222 1122 320 1158 mihi
342 1122 398 1158 nil
419 1127 603 1171 superest
624 1125 699 1159 nisi
719 1128 774 1167 te,
795 1122 979 1168 formosa,
1001 1126 1166 1172 precari,

149 1185 419 1235 amplectique
440 1191 543 1231 tuos,
565 1188 596 1221 si
618 1188 782 1234 patiare,
805 1185 939 1234 pedes.

94 1262 117 1283 0
138 1248 273 1293 decus,
295 1262 317 1284 0
339 1261 527 1297 praesens
548 1251 801 1297 geminorum
822 1248 947 1297 gloria
968 1248 1149 1294 fratrum,

149 1325 171 1347 0
194 1310 287 1347 Iove
309 1311 432 1360 digna
451 1313 546 1356 viro,
568 1313 609 1346 ni
632 1311 726 1347 Iove
747 1316 842 1347 nata
862 1310 978 1356 fores,

94 1379 164 1410 aut
185 1387 260 1423 ego
281 1373 420 1423 Sigeos
442 1379 623 1422 repetam
644 1379 686 1410 te
707 1376 878 1422 coniuge
899 1379 1050 1423 portus,
1223 1373 1298 1412 275

148 1441 218 1473 aut
238 1436 302 1472 hic
323 1436 517 1473 Taenaria
537 1441 731 1485 contegar
751 1436 843 1472 exul
863 1436 985 1473 humo
1002 1437 1009 1472 l

95 1512 175 1535 non
195 1512 286 1536 mea
305 1504 400 1536 sunt
420 1513 574 1535 summa
593 1499 738 1536 leviter
757 1499 952 1536 destricta
964 1500 976 1523 1
998 1503 1146 1549 sagitta

149 1568 312 1612 pectora
328 1576 336 1607 3
365 1563 578 1600 descendit
597 1563 741 1600 vulnus
762 1563 811 1600 ad
832 1577 919 1600 ossa
938 1577 1073 1600 meum
1092 1565 1098 1600 !

94 1626 169 1662 1100
189 1626 436 1662 mihi—nam
457 1626 752 1675 repeto—fore,
774 1632 820 1663 ut
839 1640 861 1662 a
881 1626 1055 1663 caeleste
1077 1630 1224 1677 sagitta

149 1688 258 1738 figar,
280 1695 365 1726 erat
386 1703 504 1725 verax
525 1692 741 1726 vaticinata
761 1703 879 1726 soror.
1222 1691 1298 1728 280

94 1765 212 1801 parce
233 1752 373 1788 datum
394 1752 499 1798 fatis,
522 1752 697 1798 Helene,
719 1759 980 1790 contemnere
1000 1767 1231 1791 amorem——

107 1805 122 1819 ⁶
149 1817 203 1851 sic
224 1814 371 1851 habeas
392 1815 529 1852 faciles
550 1818 591 1851 in
611 1821 681 1852 tua
701 1821 793 1852 vota
813 1816 908 1852 deos
925 1816 932 1852 !

95 1877 227 1914 Multa
243 1877 405 1927 quidem
427 1879 619 1921 subeunt3
640 1878 710 1914 sed
732 1891 862 1914 coram
880 1883 925 1915 ut
945 1879 1057 1927 plura
1078 1879 1297 1929 loquamur,

148 1943 288 1989 excipe
308 1954 373 1977 me
393 1940 500 1977 lecto
520 1946 639 1977 nocte
660 1941 805 1977 silente
827 1946 906 1978 tuo.

586 2010 596 2030 ¹
621 2010 666 2043 So
682 2011 793 2043 Horas.

97 2074 170 2110 216
