1445 2297
717 97 857 134 OVID

185 203 271 239 Nec
292 208 334 240 te
355 208 579 252 praetereo,
601 205 668 253 qui
690 216 761 252 per
782 217 876 240 cava
897 217 989 241 saxa
1010 204 1194 241 volutans
1211 204 1224 227 1
1339 205 1389 242 45

238 263 396 300 Tiburis
417 262 542 313 Argei
563 263 757 313 pomifera
770 263 785 286 ²
805 277 897 300 arva
917 266 1033 314 rigas,

187 323 259 360 Ilia
279 326 343 360 cui
363 323 526 373 placuit,
548 326 727 373 quamvis
749 329 835 361 erat
855 324 1016 361 horrida
1036 324 1161 371 cultu,

239 396 374 433 ungue
396 388 534 420 notata
556 397 700 429 comas,
722 397 858 433 ungue
879 389 1018 421 notata
1037 397 1172 434 genas.

184 444 251 480 illa
271 457 439 493 gemens
460 446 673 494 patruique
694 443 806 481 nefas
827 444 1055 495 delictaque
1079 445 1219 482 Martis

239 505 398 542 errabat
418 504 527 541 nudo
547 518 621 554 per
640 504 726 541 loca
747 505 829 542 sola
849 505 965 554 pede.
1342 506 1393 543 50

185 571 288 608 hanc
311 572 444 608 Anien
465 571 613 621 rapidis
633 574 834 608 animosus
854 571 955 608 vidit
975 573 1025 609 ab
1046 572 1164 609 undis

238 644 436 681 raucaque
457 631 508 668 de
529 631 672 668 mediis
692 631 855 668 sustulit
874 644 942 668 ora
960 631 1070 668 vadis

185 698 307 742 atque
328 695 385 729 ita
406 696 431 712 ‘⁶
447 692 543 742 quid
564 697 719 729 nostras
736 692 758 703 ''
781 692 883 729 dixit
905 695 1038 729 “teris
1058 694 1175 729 anxia
1195 694 1311 742 ripas,

242 752 327 798 Ilia,
348 753 399 789 ab
422 752 543 789 Idaeo
565 752 845 790 Laumedonte
865 753 1022 802 genus?

186 826 266 864 quo
286 812 418 850 cultus
438 813 573 850 abiere
594 816 654 850 tui
672 814 686 849 ?
716 813 813 863 quid
834 813 916 850 sola
936 816 1103 863 vagaris,
1343 813 1393 849 55

240 876 342 911 vitta
362 887 438 910 nec
459 876 638 911 evinctas
658 873 817 923 inpedit
837 873 926 910 alba
947 887 1078 911 comas
1095 873 1109 909 ?

187 934 284 985 quid
304 933 373 971 fles
395 939 437 971 et
456 933 638 970 madidos
658 933 830 971 lacrimis
852 936 1074 983 corrumpis
1095 933 1242 971 ocellos

242 999 486 1044 pectoraque
508 996 647 1031 insana
667 993 825 1043 plangis
845 999 986 1043 aperta
1005 1007 1127 1030 manu
1144 995 1159 1030 ?

188 1054 255 1091 ille
277 1054 402 1091 habet
422 1059 464 1091 et
485 1053 614 1090 silices
638 1059 680 1091 et
701 1056 835 1090 vivum
856 1056 898 1090 in
918 1059 1083 1103 pectore
1104 1053 1268 1099 ferrum,

242 1117 310 1164 qui
331 1119 474 1151 tenero
494 1114 675 1150 lacrimas
695 1113 830 1150 lentus
851 1116 893 1150 in
913 1127 980 1150 ore
1001 1113 1122 1150 videt.
1346 1113 1396 1150 60

192 1168 276 1214 Ilia,
297 1181 402 1218 pone
423 1169 578 1205 metus!
610 1169 684 1205 tibi
705 1171 815 1217 regia
836 1173 971 1205 nostra
991 1169 1161 1218 patebit,

242 1228 366 1273 teque
388 1222 523 1259 colent
543 1236 691 1259 amnes.
752 1222 837 1268 Ilia,
858 1235 964 1272 pone
984 1227 1117 1259 metus
1134 1222 1142 1259 ἔ

191 1283 236 1314 tu
258 1283 423 1314 centum
443 1282 514 1314 aut
534 1277 669 1326 plures
690 1279 797 1314 inter
819 1277 1079 1314 dominabere
1100 1276 1323 1327 nymphas3

245 1345 338 1368 nam
359 1337 524 1368 centum
544 1337 614 1368 aut
634 1331 769 1381 plures
789 1331 953 1368 flumina
972 1336 1107 1368 nostra
1127 1336 1284 1368 tenent.

191 1400 242 1423 ne
263 1400 328 1423 me
350 1399 507 1436 sperne,
529 1399 681 1435 precor,
704 1391 876 1431 tantum,
897 1385 1086 1422 Troiana-³
1104 1398 1306 1435 propago3
1346 1385 1396 1422 65

245 1454 411 1477 munera
432 1443 633 1490 promissis
654 1441 836 1477 uberiora
856 1439 999 1477 feres.”

194 1495 372 1532 Dixerat.
432 1495 499 1531 illa
519 1495 654 1532 oculos
674 1497 715 1531 in
736 1494 904 1531 humum
925 1494 1084 1531 deiecta
1103 1494 1306 1531 modestos

247 1550 461 1598 spargebat
481 1555 642 1586 teneros
662 1548 804 1586 flebilis
825 1550 951 1585 imbre
973 1551 1092 1585 sinus.

192 1609 255 1641 ter
275 1603 414 1640 molita
435 1603 571 1652 fugam
591 1608 655 1640 ter
675 1603 725 1639 ad
745 1603 845 1640 altas
866 1605 1017 1640 restitit
1037 1602 1176 1649 undas,

248 1657 434 1695 currendi
455 1660 557 1694 vires
579 1660 777 1707 eripiente
797 1662 921 1694 metu.
1348 1655 1399 1695 70

193 1726 279 1750 sera
299 1718 438 1749 tamen
459 1712 645 1749 scindens
665 1714 828 1748 inimico
848 1711 992 1761 pollice
1013 1714 1164 1748 crinem

250 1766 378 1804 edidit
399 1766 587 1816 indignos
608 1780 675 1803 ore
697 1771 901 1803 tremente
922 1779 1063 1803 sonos:

346 1836 357 1855 ¹
381 1836 546 1868 volutans
564 1837 667 1877 υιιίφε
691 1836 836 1867 volutus
853 1849 878 1868 ς.

346 1880 359 1899 2
381 1880 552 1921 pomifera.
570 1880 682 1913 Bent.:
707 1879 846 1922 ponifer
862 1880 944 1912 Ps:
971 1879 1140 1921 spumifer
1156 1879 1244 1920 vulfs.

346 1924 359 1943 ³
383 1924 542 1955 Romana
564 1924 630 1955 Ps.

304 2008 318 2022 ‘¹
344 2002 390 2034 Or
408 2002 506 2034 Rhea
523 2001 645 2041 Silvia,
664 2001 802 2034 mother
819 2001 855 2033 of
871 2001 1042 2033 Romulus
1058 2001 1128 2033 and
1146 2001 1285 2033 Remus.

198 2077 273 2112 470
