1445 2297
683 65 822 103 OVID

149 177 321 224 pessima
342 172 519 223 Tydides
540 172 737 209 scelerum
757 173 1008 208 monimenta
1027 170 1199 220 reliquit.

201 238 269 275 ille
289 237 406 277 deam
428 239 577 286 primus
596 235 928 286 perculit—alter
947 248 1023 284 ego
1042 237 1048 271 l

149 307 191 339 et
211 304 342 338 minus
362 300 431 337 ille
452 312 613 336 nocens.
670 298 784 344 mihi,
803 311 923 348 quam
942 298 1159 347 profitebar
1177 311 1310 334 amare

203 363 310 399 laesa
331 367 392 399 est
409 375 417 405 ;
446 360 625 411 Tydides
646 374 785 397 saevus
805 363 847 396 in
867 360 984 397 hoste
1004 359 1092 397 fuit.

150 425 166 461 I
189 439 312 471 nunc,
331 412 562 473 magnificos
582 427 710 461 victor
728 423 869 459 molire
890 422 1130 472 triumphos,
1306 423 1354 459 35

203 491 320 537 cinge
342 500 496 524 comam
515 486 627 523 lauro
646 492 818 536 votaque
837 485 963 522 redde
986 485 1082 531 Iovi,

148 564 332 601 quaeque
352 556 442 587 tuos
463 562 599 586 currus
620 552 833 586 comitatus
852 549 970 585 turba
990 553 1195 598 sequetur,

202 614 350 650 clamet
371 617 396 634 ζ(
411 615 448 649 io
467 613 473 649 l
504 612 599 649 forti
621 615 725 649 victa
746 611 880 661 puella
900 615 984 648 viro
1004 612 1089 648 est!
1107 611 1128 623 '’

147 683 243 714 ante
266 682 332 714 eat
352 676 475 713 effuso
494 678 620 713 tristis
641 678 797 724 captiva
818 675 978 725 capillo,

203 744 235 777 si
255 743 436 777 sinerent
455 739 602 784 laesae,
622 738 792 775 candida
813 743 912 783 tota,
933 751 1073 787 genae.
1307 738 1357 774 40

147 806 279 854 aptius
300 806 502 852 impressis
522 802 654 839 fuerat
672 801 796 838 livere
815 801 973 838 labellis

204 872 246 904 et
266 866 368 903 collo
390 865 527 903 blandi
547 865 682 903 dentis
702 865 851 902 habere
882 870 1030 902 notam.

149 930 339 979 denique,
359 932 391 966 si
411 929 557 965 tumidi
577 931 655 965 ritu
676 930 868 965 torrentis
887 927 1048 977 agebar,

202 1005 401 1042 caecaque
421 1005 487 1028 me
508 991 699 1041 praedam
719 990 873 1028 fecerat
893 993 950 1026 ira
970 1004 1096 1035 suam,

148 1068 283 1091 nonne
304 1057 398 1091 satis
419 1054 550 1091 fuerat
569 1054 737 1091 timidae
757 1053 992 1090 inclamasse
1012 1054 1185 1103 puellae,
1308 1054 1357 1090 45

201 1131 277 1155 nec
297 1120 465 1154 nimium
486 1117 633 1167 rigidas
652 1119 874 1154 intonuisse
894 1119 1034 1161 minas,

146 1187 216 1218 aut
235 1184 414 1217 ’tunicam
434 1194 588 1217 summa
605 1180 806 1216 deducere
825 1182 1001 1228 turpiter
1019 1193 1086 1215 ora

202 1244 252 1280 ad
273 1243 447 1280 inediam
463 1243 691 1280 ?-mediae
711 1257 810 1279 zona
828 1242 990 1279 tulisset
1009 1256 1138 1292 opem.

150 1307 206 1344 At
225 1320 332 1343 nunc
353 1309 522 1343 sustinui
544 1309 667 1356 raptis
686 1320 708 1342 a
727 1306 861 1343 fronte
881 1306 1034 1355 capillis

203 1370 356 1406 ferreus
377 1373 574 1419 ingenuas
596 1383 731 1419 ungue
752 1375 892 1406 notare
913 1382 1049 1419 genas.
1307 1369 1357 1406 50

148 1432 307 1469 adstitit
326 1433 394 1469 illa
409 1446 548 1469 amens
568 1433 660 1469 albo
681 1438 723 1469 et
743 1435 829 1469 sine
851 1435 1046 1482 sanguine
1067 1432 1195 1477 vultu,

204 1495 430 1532 caeduntur
453 1495 575 1531 Pariis
596 1495 728 1545 qualia
749 1508 841 1531 saxa
861 1497 975 1544 iugis.

152 1561 459 1595 exanimisartus
482 1564 524 1595 et
543 1559 725 1594 membra
745 1560 964 1595 trementia
985 1557 1121 1593 vidi—

203 1626 250 1657 ut
270 1635 359 1657 cum
380 1621 575 1670 populeas
597 1620 767 1657 ventilat
787 1633 882 1657 aura
902 1633 1047 1665 comas,

149 1689 194 1720 ut
213 1683 296 1720 leni
317 1683 501 1734 Zephyro
522 1684 680 1733 gracilis
699 1684 878 1720 vibratur
891 1682 1087 1728 harundo,
1306 1684 1355 1719 55

202 1760 406 1783 summave
428 1760 518 1783 cum
537 1747 678 1796 tepido
699 1749 910 1795 stringitur
931 1746 1038 1783 unda
1059 1746 1167 1783 Noto
1185 1759 1193 1790 ;

149 1822 446 1859 suspensaeque
466 1810 535 1846 diu
554 1810 741 1846 lacrimae
762 1809 912 1845 fluxere
932 1822 1004 1858 per
1023 1822 1103 1855 ora,

204 1872 378 1921 qualiter
396 1873 553 1909 abiecta
573 1872 625 1909 de
645 1875 737 1909 nive
758 1877 896 1909 manat
915 1885 1027 1921 aqua.

452 1983 468 1997 ‘¹
491 1977 623 2016 Venus,
643 1978 679 2008 in
695 1977 809 2009 battle
825 1976 944 2009 before
961 1977 1066 2019 Troy.

150 2051 227 2088 344
