1445 2297
699 62 838 99 OVID

735 235 797 271 III

168 338 263 375 ESSE
283 339 392 384 deos,
414 341 438 384 i,
460 339 579 375 crede
593 339 784 376 l—fidem
804 343 931 377 iurata
952 340 1110 386 fefellit,

221 404 263 435 et
284 398 404 435 facies
426 398 495 444 1111,
517 410 619 449 quae
640 399 717 436 fuit
737 405 845 445 ante,
868 406 1006 437 manet
1023 402 1030 437 1

167 472 286 508 quam
306 458 447 508 longos
468 459 609 496 habuit
630 460 809 496 nondum
829 463 986 509 periura
1007 461 1182 510 capillos,

221 523 304 554 tam
324 518 477 568 longos,
499 524 710 569 postquam
731 522 896 556 numina
915 520 1043 566 laesit,
1064 521 1198 558 habet.

167 579 337 615 candida
358 579 573 615 candorem
593 593 705 616 roseo
726 579 871 616 suffusa
891 581 1034 617 rubore

221 645 316 676 ante
337 638 588 676 fuit—niveo
608 639 718 676 lucet
738 642 779 675 in
800 653 867 676 ore
888 641 1017 677 rubor.

167 713 237 749 pes
259 705 345 736 erat
365 699 703 749 exiguus—pedis
724 705 785 736 est
805 702 1000 737 artissima
1021 700 1156 737 forma.

221 759 341 808 longa
361 759 590 809 decensque
612 759 866 809 fuit—longa
885 760 1115 810 decensque
1135 767 1283 798 manet.

165 824 329 869 argutos
351 819 705 856 habuit—radiant
726 825 771 856 ut
791 820 898 857 sidus
919 820 1048 865 ocelli,

221 892 292 929 per
313 892 410 929 quos
431 882 603 915 mentita
625 885 685 916 est
705 880 857 929 perfida
877 894 996 929 saepe
1017 880 1125 917 mihi.

168 939 320 976 scilicet
340 944 506 975 aeterno
526 938 670 976 falsum
690 942 819 976 iurare
840 940 983 989 puellis

221 999 261 1035 di
283 1012 451 1049 quoque,
464 999 704 1045 concedunt,
726 999 933 1050 formaque
954 1014 1104 1037 numen
1126 1000 1260 1038 habet.

167 1072 319 1110 perque
341 1072 430 1096 suos
451 1058 559 1095 illam
581 1073 709 1109 nuper
730 1062 877 1096 iurasse
898 1060 1084 1096 recordor

220 1132 372 1169 perque
394 1133 503 1156 meos
524 1119 658 1156 oculos
678 1133 685 1156 :
715 1125 757 1156 et
777 1120 942 1156 doluere
962 1123 1042 1156 mei
1063 1121 1069 1156 l

170 1179 316 1225 Dicite,
337 1180 390 1225 di,
413 1183 443 1216 si
464 1193 532 1216 vos
552 1182 703 1229 inpune
724 1179 926 1217 fefellerat
946 1180 1025 1226 illa,

220 1240 384 1277 alterius
404 1242 538 1276 meriti
559 1253 627 1276 cur
648 1253 723 1289 ego
744 1240 889 1276 damna
909 1240 1011 1277 tuli?

166 1314 217 1336 an
233 1300 247 1323 2
268 1314 350 1336 11011
369 1300 542 1337 invidiae
563 1301 673 1337 vobis
694 1300 869 1350 Cepheia
891 1303 1001 1350 virgo
1022 1306 1096 1346 est,

220 1374 292 1409 pro
312 1360 415 1397 male
437 1360 608 1397 formosa
628 1363 731 1397 iussa
752 1366 919 1410 parente
940 1363 1040 1397 mori
1057 1362 1070 1397 ?

167 1434 247 1456 11011
269 1423 362 1457 satis
384 1425 457 1465 est,
480 1420 587 1470 quod
607 1434 675 1457 vos
695 1421 816 1457 habui
837 1423 922 1458 sine
943 1421 1122 1470 pondere
1142 1424 1271 1467 testis,

221 1480 263 1511 et
283 1488 441 1511 mecum
461 1474 566 1511 lusos
586 1475 692 1511 ridet
721 1475 850 1512 inulta
869 1475 993 1512 deos?

168 1534 212 1565 ut
233 1542 302 1565 sua
322 1542 393 1578 per
414 1534 590 1566 nostram
610 1529 782 1566 redimat
802 1532 974 1578 periuria
993 1543 1177 1578 poenam,

220 1585 381 1619 victima
401 1583 596 1632 deceptus
617 1583 856 1632 decipientis
878 1584 974 1620 ero?

166 1642 236 1673 aut
256 1639 341 1673 sine
362 1650 404 1674 re
426 1650 574 1673 nomen
594 1637 693 1674 deus
714 1643 776 1674 est
796 1637 1021 1687 frustraque
1042 1640 1209 1675 timetur

222 1696 264 1728 et
284 1691 408 1728 stulta
427 1691 595 1740 populos
616 1691 854 1728 credulitate
875 1698 1011 1729 movet
1029 1705 1037 1736 3

166 1750 247 1791 aut,
270 1748 391 1795 siquis
411 1745 510 1782 deus
532 1751 605 1791 est,
627 1751 787 1782 teneras
807 1751 915 1782 amat
935 1746 1002 1783 ille
1023 1746 1176 1796 puellas

221 1805 263 1836 et
283 1802 451 1836 nimium
467 1799 482 1823 3
502 1799 603 1837 solas
623 1803 755 1836 onmia
776 1814 890 1849 posse
912 1801 1033 1837 iubet.

211 1869 221 1887 ¹
246 1869 303 1900 hie
319 1869 422 1901 crede
440 1870 516 1902 Ps:
543 1871 565 1908 i,
585 1870 687 1901 crede
706 1870 812 1901 Ηείη.

208 1911 222 1931 ²
245 1913 302 1944 An
320 1913 416 1944 Riese
434 1927 440 1945 :
466 1913 511 1944 ad
531 1914 580 1945 P:
607 1918 643 1945 at
664 1914 749 1954 vulfs.

209 1954 223 1975 ³
248 1960 284 1988 et
301 1957 448 1987 nimium
465 1957 571 1988 MSS.
592 1957 668 1989 Bra:
694 1958 860 1989 nimirum
877 1957 992 1990 Nema
1020 1962 1056 1989 et,
1073 1959 1198 1990 mirum
1217 1959 1311 1991 Post.

167 2020 243 2067 456

1324 882 1372 918 10

1320 1748 1341 1783 [ν

1347 1748 1368 1783 U(
