1445 2297
719 88 859 126 OVID

185 201 284 234 tunc
304 209 380 245 ego
400 208 465 232 me
485 197 658 244 primum
678 197 792 244 coepi
812 196 963 231 sentire
991 198 1263 230 nocentem—

241 259 403 307 sanguis
422 260 538 292 erant
556 255 756 301 lacrimae,
774 267 871 305 quas
891 254 1013 291 dabat
1032 253 1113 299 illa,
1131 266 1256 290 meus.
1343 252 1393 289 60

187 322 251 354 ter
269 322 408 353 tamen
428 321 523 353 ante
543 315 668 365 pedes
688 315 795 352 volui
815 315 1078 364 procumbere
1099 313 1268 363 supplex
1285 326 1294 358 3

241 382 305 414 ter
324 376 556 413 formidatas
575 375 753 426 reppulit
768 375 780 399 1
811 375 879 411 illa
896 388 1049 411 manus.

189 439 246 473 At
267 442 313 474 tu
334 450 385 473 ne
406 437 760 473 dubita—minuet
779 435 957 472 vindicta
976 435 1211 472 dolorem-

244 500 427 546 protinus
448 499 489 533 in
509 497 642 534 vultus
664 497 864 545 unguibus
885 499 943 532 ire
962 508 1083 532 meos.

190 570 266 594 nec
286 560 432 594 nostris
453 557 577 594 oculis
597 562 672 593 nec
692 559 839 593 nostris
860 569 976 605 parce
998 555 1151 605 capillis
1170 569 1178 592 ;
1345 555 1393 591 65

245 618 470 667 quamlibet
489 617 665 654 infirmas
685 616 848 653 adiuvat
868 619 925 652 ira
944 629 1086 652 manus
1102 629 1111 660 3

191 691 293 715 neve
314 681 394 715 mei
414 678 575 715 sceleris
594 683 678 714 tam
699 680 829 714 tristia.
848 679 962 726 signa
982 679 1197 725 supersint,

244 752 350 788 pone
371 741 655 789 recompositas
676 741 717 774 in
737 740 911 775 statione
932 750 1063 774 comas
1084 738 1090 773 ἔ

742 915 843 951 VIII

192 1024 271 1061 Es'r
290 1022 785 1074 quaedam—quicumque
806 1020 915 1057 volet
935 1032 1175 1069 cognoscere
1195 1018 1341 1065 lenam,

244 1083 381 1120 audiat
396 1083 524 1119 l—est
545 1081 741 1132 quaedam
762 1083 924 1117 nomine
947 1079 1091 1129 Dipsas
1111 1092 1220 1116 anus.

191 1157 240 1181 ex
261 1157 303 1181 re
325 1157 472 1180 nomen
493 1142 777 1191 habet—nigri
799 1154 880 1177 non
900 1140 967 1176 illa
987 1144 1199 1189 parentem

247 1204 476 1240 Memnonis
497 1206 537 1239 in
559 1205 680 1239 roseis
701 1202 830 1238 sobria
850 1200 952 1237 vidit
973 1202 1095 1250 equis.

190 1264 258 1300 illa
278 1277 413 1313 magas
433 1268 540 1300 artes
562 1263 777 1312 Aeaeaque
798 1263 972 1297 carmina
993 1262 1106 1296 novit
1372 1260 1395 1296 5

245 1328 367 1375 inque
388 1329 509 1373 caput
529 1323 700 1373 liquidas
720 1327 806 1359 arte
827 1325 1012 1358 recurvat
1032 1333 1153 1370 aquas
1172 1332 1181 1363 ;

191 1388 266 1422 scit
286 1386 404 1430 bene,
425 1383 522 1434 quid
542 1396 721 1433 gramen,
744 1381 840 1432 quid
860 1386 968 1418 torto
989 1383 1145 1417 concita
1166 1379 1333 1416 rhombo

245 1445 346 1490 licia,
368 1444 464 1494 quid
485 1443 617 1480 valeat
637 1446 741 1479 virus
761 1444 932 1478 amantis
954 1454 1091 1491 equae.

192 1519 283 1542 cum
303 1505 441 1550 voluit,
462 1509 550 1541 toto
570 1503 846 1553 glomerantur
866 1502 1003 1539 nubila
1024 1500 1158 1544 caelo;

247 1579 337 1602 cum
358 1565 497 1610 voluit2
517 1577 616 1613 puro
637 1562 769 1612 fulget
789 1565 830 1598 in
851 1563 946 1598 orbe
967 1561 1064 1598 dies.
1348 1559 1396 1596 10

193 1628 400 1675 sanguine,
422 1615 534 1674 siqua
554 1623 665 1669 fides,
687 1622 882 1660 stillantia
900 1621 914 1645 2
935 1621 1064 1658 sidera
1085 1620 1165 1657 vidi
1185 1633 1193 1664 ;

194 1705 197 1707 >
246 1698 470 1735 purpureus
492 1684 632 1721 Lunae
654 1686 849 1733 sanguine
870 1682 1004 1719 vultus
1026 1687 1123 1719 erat.

192 1745 295 1782 hanc
317 1759 392 1795 ego
413 1750 628 1781 nocturnas
650 1757 803 1780 versam
823 1743 990 1780 volitare
1010 1755 1083 1792 per
1102 1742 1261 1778 umbras

245 1808 423 1855 suspicor
443 1810 485 1842 et
504 1805 639 1854 pluma
660 1817 802 1853 corpus
821 1804 926 1840 anile
947 1805 1042 1852 tegi.

242 1881 252 1900 1
277 1881 403 1913 retulit
420 1881 470 1913 P:
495 1881 651 1922 reppulit
668 1880 768 1911 usual
784 1879 947 1919 readiny:
974 1878 1128 1910 rettudit
1144 1877 1239 1909 Ehw.
1258 1877 1320 1908 Br.

237 1924 251 1943 ²
274 1925 449 1957 stillantia
466 1925 566 1955 usual
582 1924 727 1963 readings
743 1936 749 1954 z
775 1923 956 1954 stellantia
972 1923 1006 1954 P
1022 1922 1122 1954 AVem.

325 2000 339 2013 α
364 1993 531 2035 Meaning
549 1995 572 2010 “
587 1992 755 2034 tl1irsty.”
868 1992 880 2011 ὁ
903 1992 1052 2030 Aurora,
1072 1991 1133 2023 the
1149 1990 1262 2022 dawn.

194 2057 270 2103 346
