1445 2297
516 371 718 417 LIBER
768 372 1068 419 TERTIUS

780 519 795 556 Ι

187 619 293 657 ΞΤΑΤ
314 625 428 657 vetus
450 625 492 656 et
511 619 660 656 multos
680 619 875 657 incaedua
896 620 992 657 silva
1012 635 1085 671 per
1104 636 1230 659 annos
1248 635 1257 666 ;

240 685 431 722 credibile
452 691 514 722 est
534 685 590 721 illi
611 699 762 723 numen
782 688 912 723 inesse
932 687 1029 724 loco.

186 752 275 789 fons
296 765 406 789 sacer
425 754 467 787 in
487 752 621 788 medio
642 752 912 802 speluncaque
935 756 1092 802 pumice
1114 754 1310 803 pendens,

240 823 282 854 et
303 817 428 854 latere
450 831 499 854 ex
520 820 628 853 omni
649 817 766 854 dulce
788 824 1012 868 queruntur
1031 833 1134 856 aves.

189 883 268 920 Hic
290 896 366 933 ego
386 883 483 919 dum
504 885 653 932 spatior
672 889 806 920 tectus
826 884 1094 921 nemoralibus
1115 886 1321 922 umbris—
1369 885 1391 921 5

239 949 346 999 quod
367 962 468 993 mea,
490 949 743 998 quaerebam,
768 949 883 985 Musa
903 955 1083 987 moveret
1104 964 1258 1000 opus—-

185 1017 297 1052 venit
317 1015 502 1051 odoratos
524 1014 689 1063 Elegeia
711 1028 813 1050 nexa
837 1015 1012 1064 capillos,

239 1086 292 1126 et,
314 1086 424 1130 puto,
447 1094 517 1129 pes
539 1079 594 1115 illi
615 1079 771 1128 longior
790 1079 893 1116 alter
913 1086 1008 1117 erat.

184 1145 310 1182 forma
330 1146 491 1191 decens,
513 1147 633 1181 vestis
653 1147 898 1190 tenuissima,
920 1145 1053 1183 vultus
1073 1149 1255 1192 amantis,

239 1217 281 1248 et
301 1211 471 1261 pedibus
492 1213 632 1247 vitium
655 1224 770 1247 causa
790 1211 944 1247 decoris
966 1217 1061 1248 erat.

185 1279 297 1313 venit
318 1282 359 1313 et
380 1278 537 1326 ingenti
559 1276 735 1312 violenta
755 1276 978 1325 Tragoedia
998 1290 1113 1326 passu
1131 1290 1138 1313 :

239 1342 372 1379 fronte
394 1355 530 1379 comae
552 1347 676 1387 torva,
699 1341 804 1391 palla
823 1343 979 1379 iacebat
999 1342 1110 1378 humi
1129 1356 1138 1386 ;

183 1408 296 1445 laeva
316 1422 456 1445 manus
477 1413 680 1456 sceptrum
701 1407 782 1444 late
803 1407 938 1457 regale
958 1409 1158 1453 movebat,

240 1474 390 1524 Lydius
411 1474 492 1510 alta
512 1473 662 1523 pedum
683 1473 813 1509 vincla
834 1473 1053 1510 cothurnus
1074 1479 1170 1511 erat.

184 1540 238 1576 Et
258 1542 364 1589 prior
384 1544 409 1560 “
425 1542 560 1589 ecquis
583 1538 696 1584 erit,”
720 1539 834 1584 dixit,
857 1543 881 1559 “
897 1540 971 1576 tibi
992 1539 1079 1576 finis
1100 1539 1274 1585 amandi,

238 1602 274 1638 O
295 1603 523 1651 argumenti
544 1601 655 1638 lente
676 1606 795 1650 poeta
814 1602 901 1637 tui?

184 1667 404 1714 nequitiam
426 1667 562 1700 vinosa
582 1669 693 1700 tuam
717 1666 895 1699 convivia
916 1669 1092 1709 narrant,

238 1732 400 1763 narrant
420 1729 461 1762 in
481 1726 627 1763 multas
648 1729 809 1775 conpita
830 1731 939 1763 secta
960 1729 1050 1763 vias.

183 1803 301 1839 saepe
322 1789 462 1839 aliquis
483 1789 611 1838 digito
632 1794 764 1826 vatem
785 1789 971 1838 designat
991 1795 1169 1834 euntem,

1342 1213 1390 1251 10

1342 1540 1389 1576 15

236 1858 358 1902 atque
378 1855 434 1889 ait
456 1857 466 1873 ‘
482 1852 557 1897 hic,
580 1852 644 1888 hic
665 1857 738 1897 est,
760 1865 879 1902 quem
901 1851 1009 1889 ferus
1030 1855 1109 1888 urit
1132 1852 1255 1888 Amor
1274 1852 1280 1888 !
1298 1852 1303 1863 '
1339 1852 1388 1888 20

182 1913 328 1959 fabula,
350 1927 424 1950 nec
445 1916 581 1958 sentis,
602 1919 689 1949 tota
709 1916 865 1950 iactaris
886 1916 926 1948 in
948 1914 1059 1958 urbe,

236 1976 332 2013 dum
353 1981 422 2013 tua
442 1979 660 2025 praeterito
680 1975 784 2012 facta
805 1976 957 2025 pudore
978 1975 1112 2013 refers.

182 2060 260 2095 444
