1409 2282
682 83 821 121 OVID

150 191 191 224 in
212 188 315 225 freta
336 202 533 238 procurro,
554 192 618 225 vix
639 201 703 225 me
724 190 993 226 retinentibus
1015 189 1144 235 undis,

204 265 351 302 mobile
373 279 450 316 qua
469 269 615 315 primas
636 268 804 315 porrigit
823 280 972 316 aequor
990 280 1122 317 aquas.

150 356 228 392 quo
248 345 373 392 magis
394 343 605 389 accedunt,
626 348 757 381 minus
778 349 820 381 et
839 346 971 380 minus
992 343 1099 380 utilis
1120 343 1235 380 adsto
1252 356 1261 387 ;

203 419 361 470 linquor
382 426 423 457 et
443 421 596 457 ancillis
617 421 853 471 excipienda
873 420 980 457 cado.
1277 419 1352 457 130

151 497 224 534 Est
244 500 364 543 sinus,
385 497 578 535 adductos
598 498 754 536 modice
775 498 943 534 falcatus
963 500 1003 533 in
1024 510 1136 534 arcus
1156 510 1164 541 ;

204 574 345 610 ultima
365 580 579 624 praerupta
599 588 745 611 cornua
765 574 870 611 mole
891 577 1035 623 rigent.

151 650 243 687 hinc
263 651 360 687 mihi
381 654 604 700 suppositas
625 655 831 689 inmittere
852 664 992 700 corpus
1013 654 1053 687 in
1074 650 1200 687 undas

204 741 317 764 mens
337 727 414 764 fuit
432 741 440 772 ;
471 733 525 773 et,
546 731 732 778 quoniam
753 728 892 764 fallere
913 730 1057 777 pergiS,
1079 730 1164 764 erit.

149 805 199 841 ad
220 810 289 841 tua
308 818 373 841 me
394 805 536 842 fluctus
556 809 774 855 proiectam
795 805 910 842 litora
930 810 1106 854 portent,
1278 805 1352 841 135

204 895 486 932 occurramque
507 882 630 919 oculis
651 882 893 919 intumulata
912 884 991 918 tuis
1008 882 1014 918 ἔ

150 959 297 996 duritia
316 959 465 996 ferrum
484 965 530 996 ut
550 972 712 1009 superes
732 959 1024 1008 adamantaque
1044 964 1180 1008 teque,

206 1041 323 1073 “non
344 1038 417 1074 tibi
438 1037 531 1083 sic,'’
554 1037 676 1083 dices,
698 1041 722 1057 “
737 1036 880 1087 Phylli,
903 1036 1130 1086 sequendus
1152 1049 1258 1072 eram
1277 1036 1284 1072 Ξ
1301 1035 1322 1047 ”

150 1127 269 1164 saepe
291 1128 537 1151 venenorum
557 1117 642 1151 sitis
664 1119 726 1151 est
745 1114 843 1150 mihi
860 1128 870 1161 3
899 1127 1018 1163 saepe
1039 1119 1205 1150 cruenta

205 1194 413 1228 traiectam
433 1191 567 1241 gladio
586 1197 715 1228 morte
736 1193 864 1240 perire
886 1193 1003 1227 iuvat.
1278 1189 1353 1226 140

151 1268 251 1305 colla
271 1282 442 1319 quoque,
464 1268 594 1305 infidis
615 1271 706 1318 quia
726 1281 767 1305 se
789 1267 990 1304 nectenda
1010 1267 1167 1303 lacertis

205 1347 489 1396 praebuerunt,
510 1346 661 1396 laqueis
682 1346 910 1395 inplicuisse
931 1348 1049 1382 iuvat.

151 1428 231 1460 stat
250 1436 350 1459 nece
370 1428 525 1460 matura
545 1428 731 1459 tenerum
751 1435 919 1472 pensare
940 1422 1143 1471 pudorem.

205 1502 245 1536 in
266 1503 374 1536 necis
396 1499 528 1536 electu
549 1513 668 1549 parva
687 1499 820 1536 futura
839 1512 948 1535 mora
968 1504 1038 1535 est.

152 1577 373 1613 Inscribere
393 1590 484 1613 meo
504 1589 619 1613 causa
640 1576 832 1613 invidiosa
851 1575 1043 1625 sepulcro.
1278 1576 1375 1613 145-

204 1659 274 1690 aut
294 1653 369 1690 hoc
390 1659 459 1690 aut
479 1653 597 1690 simili
618 1656 792 1690 carmine
812 1658 932 1690 notus
952 1655 1027 1689 eris
1047 1665 1054 1688 :

153 1759 358 1795 PHYLLIDA
380 1758 635 1796 DEMOPHOON
656 1771 753 1795 LETO
776 1771 896 1795 DEDIT
917 1770 1056 1794 HOSPES
1078 1769 1271 1794 AMANTEM
1290 1771 1298 1802 3

206 1825 289 1849 ILLE
310 1824 419 1849 NECIS
439 1825 589 1850 CAUSAM
612 1825 818 1859 PRAEBUIT,
840 1826 920 1849 IPSA
941 1824 1096 1849 MANUM.
