<?xml version="1.0" encoding="UTF-8"?>
<!DOCTYPE html PUBLIC "-//W3C//DTD XHTML 1.0 Transitional//EN"
    "http://www.w3.org/TR/xhtml1/DTD/xhtml1-transitional.dtd">
<html xmlns="http://www.w3.org/1999/xhtml" xml:lang="en" lang="en">
 <head>
  <title>
</title>
<meta http-equiv="Content-Type" content="text/html;charset=utf-8" />
  <meta name='ocr-system' content='tesseract 3.04.00' />
  <meta name='ocr-capabilities' content='ocr_page ocr_carea ocr_par ocr_line ocrx_word'/>
</head>
<body>
  <div class='ocr_page' id='page_1' title='image "./heroidesamores00ovid_0224.png"; bbox 0 0 1409 2282; ppageno 0'>
   <div class='ocr_carea' id='block_1_1' title="bbox 626 72 765 110">
    <p class='ocr_par' dir='ltr' id='par_1_1' title="bbox 626 72 765 110">
     <span class='ocr_line' id='line_1_1' title="bbox 626 72 765 110; baseline -0.014 0"><span class='ocrx_word' id='word_1_1' title='bbox 626 72 765 110; x_wconf 86' lang='lat' dir='ltr'>OVID</span> 
     </span>
    </p>
   </div>
   <div class='ocr_carea' id='block_1_2' title="bbox 93 178 1308 1870">
    <p class='ocr_par' dir='ltr' id='par_1_2' title="bbox 93 178 1308 1870">
     <span class='ocr_line' id='line_1_2' title="bbox 93 178 1089 229; baseline -0.002 -13"><span class='ocrx_word' id='word_1_2' title='bbox 93 180 182 229; x_wconf 86' lang='lat' dir='ltr'>plus</span> <span class='ocrx_word' id='word_1_3' title='bbox 204 179 268 216; x_wconf 84' lang='lat' dir='ltr'>hic</span> <span class='ocrx_word' id='word_1_4' title='bbox 290 181 465 224; x_wconf 81' lang='lat' dir='ltr'>invenio,</span> <span class='ocrx_word' id='word_1_5' title='bbox 485 192 604 228; x_wconf 81' lang='lat' dir='ltr'>quam</span> <span class='ocrx_word' id='word_1_6' title='bbox 626 178 733 228; x_wconf 89' lang='lat' dir='ltr'>quod</span> <span class='ocrx_word' id='word_1_7' title='bbox 755 181 990 227; x_wconf 77' lang='lat' dir='ltr'>promiserat</span> <span class='ocrx_word' id='word_1_8' title='bbox 1010 178 1089 219; x_wconf 82' lang='lat' dir='ltr'>illa,</span> 
     </span>
     <span class='ocr_line' id='line_1_3' title="bbox 149 245 926 294; baseline -0.001 -12"><span class='ocrx_word' id='word_1_9' title='bbox 149 251 191 282; x_wconf 90' lang='lat' dir='ltr'>et</span> <span class='ocrx_word' id='word_1_10' title='bbox 212 251 281 282; x_wconf 87' lang='lat' dir='ltr'>tua</span> <span class='ocrx_word' id='word_1_11' title='bbox 302 247 469 281; x_wconf 82' lang='lat' dir='ltr'>materia</span> <span class='ocrx_word' id='word_1_12' title='bbox 491 245 615 294; x_wconf 78' lang='lat' dir='ltr'>gloria</span> <span class='ocrx_word' id='word_1_13' title='bbox 637 247 741 281; x_wconf 82' lang='lat' dir='ltr'>victa</span> <span class='ocrx_word' id='word_1_14' title='bbox 763 258 832 281; x_wconf 87' lang='lat' dir='ltr'>sua</span> <span class='ocrx_word' id='word_1_15' title='bbox 854 250 926 281; x_wconf 89' lang='lat' dir='ltr'>est.</span> 
     </span>
     <span class='ocr_line' id='line_1_4' title="bbox 94 310 1138 361; baseline -0.002 -13"><span class='ocrx_word' id='word_1_16' title='bbox 94 325 190 361; x_wconf 80' lang='lat' dir='ltr'>ergo</span> <span class='ocrx_word' id='word_1_17' title='bbox 210 314 306 348; x_wconf 82' lang='lat' dir='ltr'>arsit</span> <span class='ocrx_word' id='word_1_18' title='bbox 326 314 484 356; x_wconf 74' lang='lat' dir='ltr'>merito,</span> <span class='ocrx_word' id='word_1_19' title='bbox 505 313 572 360; x_wconf 88' lang='lat' dir='ltr'>qui</span> <span class='ocrx_word' id='word_1_20' title='bbox 594 316 759 347; x_wconf 87' lang='lat' dir='ltr'>noverat</span> <span class='ocrx_word' id='word_1_21' title='bbox 780 313 925 356; x_wconf 78' lang='lat' dir='ltr'>omnia,</span> <span class='ocrx_word' id='word_1_22' title='bbox 946 310 1138 352; x_wconf 76' lang='lat' dir='ltr'>Theseus,</span> 
     </span>
     <span class='ocr_line' id='line_1_5' title="bbox 148 376 1300 426; baseline -0.002 -12"><span class='ocrx_word' id='word_1_23' title='bbox 148 383 190 414; x_wconf 88' lang='lat' dir='ltr'>et</span> <span class='ocrx_word' id='word_1_24' title='bbox 210 380 291 414; x_wconf 85' lang='lat' dir='ltr'>visa</span> <span class='ocrx_word' id='word_1_25' title='bbox 313 390 354 414; x_wconf 91' lang='lat' dir='ltr'>es</span> <span class='ocrx_word' id='word_1_26' title='bbox 374 382 490 414; x_wconf 87' lang='lat' dir='ltr'>tanto</span> <span class='ocrx_word' id='word_1_27' title='bbox 510 377 632 426; x_wconf 83' lang='lat' dir='ltr'>digna</span> <span class='ocrx_word' id='word_1_28' title='bbox 653 379 791 426; x_wconf 79' lang='lat' dir='ltr'>rapina</span> <span class='ocrx_word' id='word_1_29' title='bbox 812 379 906 421; x_wconf 75' lang='lat' dir='ltr'>viro,</span> <span class='ocrx_word' id='word_1_30' title='bbox 1226 376 1300 412; x_wconf 83' lang='lat'>150</span> 
     </span>
     <span class='ocr_line' id='line_1_6' title="bbox 94 442 1093 492; baseline -0.002 -13"><span class='ocrx_word' id='word_1_31' title='bbox 94 456 204 479; x_wconf 87' lang='lat' dir='ltr'>more</span> <span class='ocrx_word' id='word_1_32' title='bbox 226 448 320 480; x_wconf 86' lang='lat' dir='ltr'>tuae</span> <span class='ocrx_word' id='word_1_33' title='bbox 341 446 475 492; x_wconf 81' lang='lat' dir='ltr'>gentis</span> <span class='ocrx_word' id='word_1_34' title='bbox 497 442 624 479; x_wconf 86' lang='lat' dir='ltr'>nitida</span> <span class='ocrx_word' id='word_1_35' title='bbox 645 442 742 478; x_wconf 88' lang='lat' dir='ltr'>dum</span> <span class='ocrx_word' id='word_1_36' title='bbox 763 442 870 479; x_wconf 81' lang='lat' dir='ltr'>nuda</span> <span class='ocrx_word' id='word_1_37' title='bbox 896 442 1093 491; x_wconf 81' lang='lat' dir='ltr'>palaestra</span> 
     </span>
     <span class='ocr_line' id='line_1_7' title="bbox 149 507 962 545; baseline -0.002 0"><span class='ocrx_word' id='word_1_38' title='bbox 149 508 254 545; x_wconf 86' lang='lat' dir='ltr'>ludis</span> <span class='ocrx_word' id='word_1_39' title='bbox 276 513 318 545; x_wconf 92' lang='lat' dir='ltr'>et</span> <span class='ocrx_word' id='word_1_40' title='bbox 339 522 381 544; x_wconf 87' lang='lat' dir='ltr'>es</span> <span class='ocrx_word' id='word_1_41' title='bbox 403 508 520 544; x_wconf 88' lang='lat' dir='ltr'>nudis</span> <span class='ocrx_word' id='word_1_42' title='bbox 541 507 692 544; x_wconf 82' lang='lat' dir='ltr'>femina</span> <span class='ocrx_word' id='word_1_43' title='bbox 713 511 839 544; x_wconf 83' lang='lat' dir='ltr'>mixta</span> <span class='ocrx_word' id='word_1_44' title='bbox 860 510 962 543; x_wconf 86' lang='lat' dir='ltr'>viris.</span> 
     </span>
     <span class='ocr_line' id='line_1_8' title="bbox 97 572 1243 624; baseline -0.003 -13"><span class='ocrx_word' id='word_1_45' title='bbox 97 574 203 624; x_wconf 90' lang='lat' dir='ltr'>quod</span> <span class='ocrx_word' id='word_1_46' title='bbox 225 577 369 623; x_wconf 79' lang='lat' dir='ltr'>rapuit,</span> <span class='ocrx_word' id='word_1_47' title='bbox 391 573 534 615; x_wconf 82' lang='lat' dir='ltr'>laudo;</span> <span class='ocrx_word' id='word_1_48' title='bbox 563 576 695 617; x_wconf 79' lang='lat' dir='ltr'>miror,</span> <span class='ocrx_word' id='word_1_49' title='bbox 718 573 824 622; x_wconf 89' lang='lat' dir='ltr'>quod</span> <span class='ocrx_word' id='word_1_50' title='bbox 846 572 1024 609; x_wconf 77' lang='lat' dir='ltr'>reddidit</span> <span class='ocrx_word' id='word_1_51' title='bbox 1045 586 1243 622; x_wconf 77' lang='lat' dir='ltr'>umquam¹</span> 
     </span>
     <span class='ocr_line' id='line_1_9' title="bbox 150 638 1085 688; baseline -0.003 -11"><span class='ocrx_word' id='word_1_52' title='bbox 150 646 233 677; x_wconf 82' lang='lat' dir='ltr'>tam</span> <span class='ocrx_word' id='word_1_53' title='bbox 254 641 359 676; x_wconf 87' lang='lat' dir='ltr'>bona</span> <span class='ocrx_word' id='word_1_54' title='bbox 379 645 612 676; x_wconf 73' lang='lat' dir='ltr'>constanter</span> <span class='ocrx_word' id='word_1_55' title='bbox 633 639 781 688; x_wconf 84' lang='lat' dir='ltr'>praeda</span> <span class='ocrx_word' id='word_1_56' title='bbox 800 638 979 675; x_wconf 84' lang='lat' dir='ltr'>tenenda</span> <span class='ocrx_word' id='word_1_57' title='bbox 1000 638 1085 675; x_wconf 76' lang='lat' dir='ltr'>fuit.</span> 
     </span>
     <span class='ocr_line' id='line_1_10' title="bbox 95 704 1301 754; baseline -0.002 -12"><span class='ocrx_word' id='word_1_58' title='bbox 95 711 190 742; x_wconf 89' lang='lat' dir='ltr'>ante</span> <span class='ocrx_word' id='word_1_59' title='bbox 212 708 442 742; x_wconf 71' lang='lat' dir='ltr'>recessisset</span> <span class='ocrx_word' id='word_1_60' title='bbox 463 710 584 754; x_wconf 81' lang='lat' dir='ltr'>caput</span> <span class='ocrx_word' id='word_1_61' title='bbox 604 705 678 741; x_wconf 85' lang='lat' dir='ltr'>hoc</span> <span class='ocrx_word' id='word_1_62' title='bbox 699 707 853 741; x_wconf 88' lang='lat' dir='ltr'>cervice</span> <span class='ocrx_word' id='word_1_63' title='bbox 875 709 1054 749; x_wconf 79' lang='lat' dir='ltr'>cruenta,</span> <span class='ocrx_word' id='word_1_64' title='bbox 1230 704 1301 739; x_wconf 73' lang='lat'>155</span> 
     </span>
     <span class='ocr_line' id='line_1_11' title="bbox 152 770 1042 822; baseline -0.002 -14"><span class='ocrx_word' id='word_1_65' title='bbox 152 785 270 822; x_wconf 85' lang='lat' dir='ltr'>quam</span> <span class='ocrx_word' id='word_1_66' title='bbox 291 777 335 808; x_wconf 87' lang='lat' dir='ltr'>tu</span> <span class='ocrx_word' id='word_1_67' title='bbox 357 771 407 808; x_wconf 92' lang='lat' dir='ltr'>de</span> <span class='ocrx_word' id='word_1_68' title='bbox 429 771 614 808; x_wconf 75' lang='lat' dir='ltr'>thalamis</span> <span class='ocrx_word' id='word_1_69' title='bbox 635 770 912 807; x_wconf 81' lang='lat' dir='ltr'>abstraherere</span> <span class='ocrx_word' id='word_1_70' title='bbox 933 773 1042 806; x_wconf 87' lang='lat' dir='ltr'>meis.</span> 
     </span>
     <span class='ocr_line' id='line_1_12' title="bbox 98 835 1181 886; baseline -0.004 -11"><span class='ocrx_word' id='word_1_71' title='bbox 98 844 194 875; x_wconf 83' lang='lat' dir='ltr'>tene</span> <span class='ocrx_word' id='word_1_72' title='bbox 215 851 356 874; x_wconf 84' lang='lat' dir='ltr'>manus</span> <span class='ocrx_word' id='word_1_73' title='bbox 378 850 566 886; x_wconf 86' lang='lat' dir='ltr'>umquam</span> <span class='ocrx_word' id='word_1_74' title='bbox 588 842 748 873; x_wconf 86' lang='lat' dir='ltr'>nostrae</span> <span class='ocrx_word' id='word_1_75' title='bbox 769 836 976 872; x_wconf 85' lang='lat' dir='ltr'>dimittere</span> <span class='ocrx_word' id='word_1_76' title='bbox 998 835 1150 872; x_wconf 82' lang='lat' dir='ltr'>vellent</span> <span class='ocrx_word' id='word_1_77' title='bbox 1167 836 1181 871; x_wconf 87' lang='lat'><strong>?</strong></span> 
     </span>
     <span class='ocr_line' id='line_1_13' title="bbox 151 903 942 952; baseline -0.004 -12"><span class='ocrx_word' id='word_1_78' title='bbox 151 909 248 940; x_wconf 86' lang='lat' dir='ltr'>tene</span> <span class='ocrx_word' id='word_1_79' title='bbox 268 916 359 940; x_wconf 88' lang='lat' dir='ltr'>meo</span> <span class='ocrx_word' id='word_1_80' title='bbox 380 908 541 952; x_wconf 84' lang='lat' dir='ltr'>paterer</span> <span class='ocrx_word' id='word_1_81' title='bbox 562 905 671 938; x_wconf 87' lang='lat' dir='ltr'>vivus</span> <span class='ocrx_word' id='word_1_82' title='bbox 692 903 801 938; x_wconf 86' lang='lat' dir='ltr'>abire</span> <span class='ocrx_word' id='word_1_83' title='bbox 823 904 909 938; x_wconf 89' lang='lat' dir='ltr'>sinu</span> <span class='ocrx_word' id='word_1_84' title='bbox 929 903 942 938; x_wconf 89' lang='lat'>?</span> 
     </span>
     <span class='ocr_line' id='line_1_14' title="bbox 98 966 1158 1017; baseline -0.003 -12"><span class='ocrx_word' id='word_1_85' title='bbox 98 971 129 1005; x_wconf 86' lang='lat' dir='ltr'>si</span> <span class='ocrx_word' id='word_1_86' title='bbox 151 968 359 1005; x_wconf 83' lang='lat' dir='ltr'>reddenda</span> <span class='ocrx_word' id='word_1_87' title='bbox 379 968 496 1013; x_wconf 77' lang='lat' dir='ltr'>fores,</span> <span class='ocrx_word' id='word_1_88' title='bbox 518 967 668 1017; x_wconf 87' lang='lat' dir='ltr'>aliquid</span> <span class='ocrx_word' id='word_1_89' title='bbox 690 972 827 1004; x_wconf 88' lang='lat' dir='ltr'>tamen</span> <span class='ocrx_word' id='word_1_90' title='bbox 848 972 943 1003; x_wconf 84' lang='lat' dir='ltr'>ante</span> <span class='ocrx_word' id='word_1_91' title='bbox 964 966 1158 1011; x_wconf 80' lang='lat' dir='ltr'>tulissem,</span> 
     </span>
     <span class='ocr_line' id='line_1_15' title="bbox 153 1032 1304 1071; baseline -0.002 -1"><span class='ocrx_word' id='word_1_92' title='bbox 153 1048 228 1071; x_wconf 76' lang='lat' dir='ltr'>ne(-</span> <span class='ocrx_word' id='word_1_93' title='bbox 250 1034 386 1070; x_wconf 78' lang='lat' dir='ltr'>Venus</span> <span class='ocrx_word' id='word_1_94' title='bbox 408 1047 456 1070; x_wconf 85' lang='lat' dir='ltr'>ex</span> <span class='ocrx_word' id='word_1_95' title='bbox 478 1039 565 1070; x_wconf 87' lang='lat' dir='ltr'>toto</span> <span class='ocrx_word' id='word_1_96' title='bbox 587 1039 721 1070; x_wconf 85' lang='lat' dir='ltr'>nostra</span> <span class='ocrx_word' id='word_1_97' title='bbox 743 1032 885 1069; x_wconf 84' lang='lat' dir='ltr'>fuisset</span> <span class='ocrx_word' id='word_1_98' title='bbox 905 1035 1021 1069; x_wconf 82' lang='lat' dir='ltr'>iners.</span> <span class='ocrx_word' id='word_1_99' title='bbox 1230 1032 1304 1068; x_wconf 83' lang='lat'>160</span> 
     </span>
     <span class='ocr_line' id='line_1_16' title="bbox 99 1098 997 1149; baseline -0.002 -13"><span class='ocrx_word' id='word_1_100' title='bbox 99 1101 161 1137; x_wconf 81' lang='lat' dir='ltr'>vel</span> <span class='ocrx_word' id='word_1_101' title='bbox 182 1100 280 1136; x_wconf 91' lang='lat' dir='ltr'>mihi</span> <span class='ocrx_word' id='word_1_102' title='bbox 302 1102 509 1149; x_wconf 78' lang='lat' dir='ltr'>virginitas</span> <span class='ocrx_word' id='word_1_103' title='bbox 531 1104 637 1135; x_wconf 85' lang='lat' dir='ltr'>esset</span> <span class='ocrx_word' id='word_1_104' title='bbox 659 1099 793 1144; x_wconf 81' lang='lat' dir='ltr'>libata,</span> <span class='ocrx_word' id='word_1_105' title='bbox 816 1099 877 1135; x_wconf 87' lang='lat' dir='ltr'>vel</span> <span class='ocrx_word' id='word_1_106' title='bbox 900 1098 997 1134; x_wconf 84' lang='lat' dir='ltr'>illud</span> 
     </span>
     <span class='ocr_line' id='line_1_17' title="bbox 153 1165 937 1216; baseline -0.003 -14"><span class='ocrx_word' id='word_1_107' title='bbox 153 1166 261 1216; x_wconf 87' lang='lat' dir='ltr'>quod</span> <span class='ocrx_word' id='word_1_108' title='bbox 282 1170 442 1215; x_wconf 86' lang='lat' dir='ltr'>poterat</span> <span class='ocrx_word' id='word_1_109' title='bbox 463 1165 569 1201; x_wconf 83' lang='lat' dir='ltr'>salva</span> <span class='ocrx_word' id='word_1_110' title='bbox 590 1168 821 1214; x_wconf 80' lang='lat' dir='ltr'>virginitate</span> <span class='ocrx_word' id='word_1_111' title='bbox 844 1167 937 1213; x_wconf 79' lang='lat' dir='ltr'>rapi.</span> 
     </span>
     <span class='ocr_line' id='line_1_18' title="bbox 102 1230 1192 1280; baseline -0.003 -12"><span class='ocrx_word' id='word_1_112' title='bbox 102 1232 163 1268; x_wconf 88' lang='lat' dir='ltr'>Da</span> <span class='ocrx_word' id='word_1_113' title='bbox 183 1231 302 1268; x_wconf 89' lang='lat' dir='ltr'>modo</span> <span class='ocrx_word' id='word_1_114' title='bbox 323 1236 378 1276; x_wconf 79' lang='lat' dir='ltr'>te,</span> <span class='ocrx_word' id='word_1_115' title='bbox 401 1244 501 1280; x_wconf 83' lang='lat' dir='ltr'>quae</span> <span class='ocrx_word' id='word_1_116' title='bbox 523 1233 574 1267; x_wconf 86' lang='lat' dir='ltr'>sit</span> <span class='ocrx_word' id='word_1_117' title='bbox 597 1230 747 1266; x_wconf 85' lang='lat' dir='ltr'>Paridis</span> <span class='ocrx_word' id='word_1_118' title='bbox 768 1233 1005 1274; x_wconf 77' lang='lat' dir='ltr'>constantia,</span> <span class='ocrx_word' id='word_1_119' title='bbox 1029 1242 1192 1272; x_wconf 73' lang='lat' dir='ltr'>nosces;</span> 
     </span>
     <span class='ocr_line' id='line_1_19' title="bbox 155 1295 987 1353; baseline -0.001 -21"><span class='ocrx_word' id='word_1_120' title='bbox 155 1297 311 1333; x_wconf 82' lang='lat' dir='ltr'>flamma</span> <span class='ocrx_word' id='word_1_121' title='bbox 332 1299 417 1346; x_wconf 82' lang='lat' dir='ltr'>rogi</span> <span class='ocrx_word' id='word_1_122' title='bbox 438 1296 614 1353; x_wconf 45' lang='lat' dir='ltr'>flamm-as</span> <span class='ocrx_word' id='word_1_123' title='bbox 636 1295 748 1332; x_wconf 86' lang='lat' dir='ltr'>finiet</span> <span class='ocrx_word' id='word_1_124' title='bbox 770 1310 848 1332; x_wconf 86' lang='lat' dir='ltr'>una</span> <span class='ocrx_word' id='word_1_125' title='bbox 867 1309 987 1331; x_wconf 80' lang='lat' dir='ltr'>meas.</span> 
     </span>
     <span class='ocr_line' id='line_1_20' title="bbox 100 1361 1305 1412; baseline -0.002 -13"><span class='ocrx_word' id='word_1_126' title='bbox 100 1366 311 1412; x_wconf 86' lang='lat' dir='ltr'>praeposui</span> <span class='ocrx_word' id='word_1_127' title='bbox 332 1365 467 1412; x_wconf 77' lang='lat' dir='ltr'>regnis</span> <span class='ocrx_word' id='word_1_128' title='bbox 489 1376 564 1412; x_wconf 75' lang='lat' dir='ltr'>ego</span> <span class='ocrx_word' id='word_1_129' title='bbox 585 1368 639 1407; x_wconf 79' lang='lat' dir='ltr'>te,</span> <span class='ocrx_word' id='word_1_130' title='bbox 662 1375 763 1412; x_wconf 81' lang='lat' dir='ltr'>quae</span> <span class='ocrx_word' id='word_1_131' title='bbox 784 1365 957 1398; x_wconf 86' lang='lat' dir='ltr'>maxima</span> <span class='ocrx_word' id='word_1_132' title='bbox 977 1361 1179 1411; x_wconf 84' lang='lat' dir='ltr'>quondam</span> <span class='ocrx_word' id='word_1_133' title='bbox 1232 1361 1305 1397; x_wconf 80' lang='lat'>165</span> 
     </span>
     <span class='ocr_line' id='line_1_21' title="bbox 156 1428 1064 1478; baseline -0.002 -13"><span class='ocrx_word' id='word_1_134' title='bbox 156 1429 336 1478; x_wconf 85' lang='lat' dir='ltr'>pollicita</span> <span class='ocrx_word' id='word_1_135' title='bbox 357 1433 419 1465; x_wconf 86' lang='lat' dir='ltr'>est</span> <span class='ocrx_word' id='word_1_136' title='bbox 440 1429 553 1465; x_wconf 81' lang='lat' dir='ltr'>nobis</span> <span class='ocrx_word' id='word_1_137' title='bbox 575 1433 702 1477; x_wconf 88' lang='lat' dir='ltr'>nupta</span> <span class='ocrx_word' id='word_1_138' title='bbox 723 1441 910 1477; x_wconf 87' lang='lat' dir='ltr'>sororque</span> <span class='ocrx_word' id='word_1_139' title='bbox 934 1428 1036 1463; x_wconf 88' lang='lat' dir='ltr'>Iovis</span> <span class='ocrx_word' id='word_1_140' title='bbox 1056 1440 1064 1471; x_wconf 90' lang='grc'>;</span> 
     </span>
     <span class='ocr_line' id='line_1_22' title="bbox 100 1492 1153 1544; baseline -0.003 -13"><span class='ocrx_word' id='word_1_141' title='bbox 100 1495 277 1544; x_wconf 86' lang='lat' dir='ltr'>dumque</span> <span class='ocrx_word' id='word_1_142' title='bbox 298 1500 369 1531; x_wconf 88' lang='lat' dir='ltr'>tuo</span> <span class='ocrx_word' id='word_1_143' title='bbox 390 1507 547 1543; x_wconf 83' lang='lat' dir='ltr'>possem</span> <span class='ocrx_word' id='word_1_144' title='bbox 568 1493 814 1529; x_wconf 83' lang='lat' dir='ltr'>circumdare</span> <span class='ocrx_word' id='word_1_145' title='bbox 836 1493 1019 1529; x_wconf 87' lang='lat' dir='ltr'>bracchia</span> <span class='ocrx_word' id='word_1_146' title='bbox 1039 1492 1153 1537; x_wconf 68' lang='lat' dir='ltr'>collo,</span> 
     </span>
     <span class='ocr_line' id='line_1_23' title="bbox 156 1558 1077 1608; baseline -0.002 -12"><span class='ocrx_word' id='word_1_147' title='bbox 156 1565 391 1608; x_wconf 84' lang='lat' dir='ltr'>contempta</span> <span class='ocrx_word' id='word_1_148' title='bbox 412 1565 474 1596; x_wconf 87' lang='lat' dir='ltr'>est</span> <span class='ocrx_word' id='word_1_149' title='bbox 494 1562 619 1595; x_wconf 82' lang='lat' dir='ltr'>virtus</span> <span class='ocrx_word' id='word_1_150' title='bbox 643 1559 803 1595; x_wconf 82' lang='lat' dir='ltr'>Pallade</span> <span class='ocrx_word' id='word_1_151' title='bbox 824 1558 947 1595; x_wconf 83' lang='lat' dir='ltr'>dante</span> <span class='ocrx_word' id='word_1_152' title='bbox 968 1558 1077 1594; x_wconf 91' lang='lat' dir='ltr'>mihi.</span> 
     </span>
     <span class='ocr_line' id='line_1_24' title="bbox 102 1624 1144 1675; baseline -0.003 -13"><span class='ocrx_word' id='word_1_153' title='bbox 102 1639 176 1662; x_wconf 85' lang='lat' dir='ltr'>nec</span> <span class='ocrx_word' id='word_1_154' title='bbox 198 1628 323 1675; x_wconf 81' lang='lat' dir='ltr'>piget,</span> <span class='ocrx_word' id='word_1_155' title='bbox 345 1631 414 1662; x_wconf 88' lang='lat' dir='ltr'>aut</span> <span class='ocrx_word' id='word_1_156' title='bbox 435 1638 623 1674; x_wconf 78' lang='lat' dir='ltr'>umquam</span> <span class='ocrx_word' id='word_1_157' title='bbox 645 1624 769 1660; x_wconf 84' lang='lat' dir='ltr'>stulte</span> <span class='ocrx_word' id='word_1_158' title='bbox 791 1624 934 1673; x_wconf 73' lang='lat' dir='ltr'>legisse</span> <span class='ocrx_word' id='word_1_159' title='bbox 956 1624 1144 1665; x_wconf 75' lang='lat' dir='ltr'>videbor:</span> 
     </span>
     <span class='ocr_line' id='line_1_25' title="bbox 157 1688 1308 1740; baseline -0.002 -13"><span class='ocrx_word' id='word_1_160' title='bbox 157 1696 368 1740; x_wconf 86' lang='lat' dir='ltr'>permanet</span> <span class='ocrx_word' id='word_1_161' title='bbox 388 1693 429 1726; x_wconf 89' lang='grc'>111</span> <span class='ocrx_word' id='word_1_162' title='bbox 451 1696 543 1727; x_wconf 90' lang='lat' dir='ltr'>voto</span> <span class='ocrx_word' id='word_1_163' title='bbox 563 1703 676 1726; x_wconf 85' lang='lat' dir='ltr'>mens</span> <span class='ocrx_word' id='word_1_164' title='bbox 696 1703 786 1725; x_wconf 83' lang='lat' dir='ltr'>mea</span> <span class='ocrx_word' id='word_1_165' title='bbox 806 1690 916 1725; x_wconf 82' lang='lat' dir='ltr'>firma</span> <span class='ocrx_word' id='word_1_166' title='bbox 936 1702 1016 1726; x_wconf 89' lang='lat' dir='ltr'>suo.</span> <span class='ocrx_word' id='word_1_167' title='bbox 1234 1688 1308 1725; x_wconf 78' lang='lat'>170</span> 
     </span>
     <span class='ocr_line' id='line_1_26' title="bbox 103 1753 1126 1805; baseline -0.003 -14"><span class='ocrx_word' id='word_1_168' title='bbox 103 1769 215 1805; x_wconf 87' lang='lat' dir='ltr'>spem</span> <span class='ocrx_word' id='word_1_169' title='bbox 235 1755 355 1791; x_wconf 92' lang='lat' dir='ltr'>modo</span> <span class='ocrx_word' id='word_1_170' title='bbox 376 1768 427 1791; x_wconf 89' lang='lat' dir='ltr'>ne</span> <span class='ocrx_word' id='word_1_171' title='bbox 448 1760 625 1791; x_wconf 84' lang='lat' dir='ltr'>nostram</span> <span class='ocrx_word' id='word_1_172' title='bbox 646 1754 729 1790; x_wconf 87' lang='lat' dir='ltr'>fieri</span> <span class='ocrx_word' id='word_1_173' title='bbox 750 1757 902 1803; x_wconf 83' lang='lat' dir='ltr'>patiare</span> <span class='ocrx_word' id='word_1_174' title='bbox 923 1753 1126 1795; x_wconf 76' lang='lat' dir='ltr'>caducam,</span> 
     </span>
     <span class='ocr_line' id='line_1_27' title="bbox 157 1819 970 1870; baseline -0.002 -13"><span class='ocrx_word' id='word_1_175' title='bbox 157 1821 363 1870; x_wconf 77' lang='lat' dir='ltr'>deprecor,</span> <span class='ocrx_word' id='word_1_176' title='bbox 385 1834 407 1856; x_wconf 94' lang='grc'><strong>0</strong></span> <span class='ocrx_word' id='word_1_177' title='bbox 428 1825 543 1857; x_wconf 84' lang='lat' dir='ltr'>tanto</span> <span class='ocrx_word' id='word_1_178' title='bbox 563 1820 686 1869; x_wconf 79' lang='lat' dir='ltr'>digna</span> <span class='ocrx_word' id='word_1_179' title='bbox 706 1820 840 1856; x_wconf 84' lang='lat' dir='ltr'>labore</span> <span class='ocrx_word' id='word_1_180' title='bbox 861 1822 946 1868; x_wconf 86' lang='lat' dir='ltr'>peti</span> <span class='ocrx_word' id='word_1_181' title='bbox 963 1819 970 1855; x_wconf 83' lang='lat'><strong>!</strong></span> 
     </span>
    </p>
   </div>
   <div class='ocr_carea' id='block_1_3' title="bbox 104 1912 191 1915">
    <p class='ocr_par' dir='ltr' id='par_1_3' title="bbox 104 1912 191 1915">
     <span class='ocr_line' id='line_1_28' title="bbox 104 1912 191 1915; baseline 0 0"><span class='ocrx_word' id='word_1_182' title='bbox 104 1912 191 1915; x_wconf 95' lang='lat' dir='ltr'> </span> 
     </span>
    </p>
   </div>
   <div class='ocr_carea' id='block_1_4' title="bbox 106 1927 1307 2005">
    <p class='ocr_par' dir='ltr' id='par_1_4' title="bbox 106 1927 1307 2005">
     <span class='ocr_line' id='line_1_29' title="bbox 147 1927 1307 1967; baseline -0.003 -6"><span class='ocrx_word' id='word_1_183' title='bbox 147 1937 160 1949; x_wconf 64' lang='grc' dir='ltr'>α</span> <span class='ocrx_word' id='word_1_184' title='bbox 184 1930 337 1961; x_wconf 84' lang='lat' dir='ltr'>Theseus</span> <span class='ocrx_word' id='word_1_185' title='bbox 361 1929 429 1960; x_wconf 80' lang='lat' dir='ltr'>and</span> <span class='ocrx_word' id='word_1_186' title='bbox 457 1929 636 1961; x_wconf 82' lang='lat' dir='ltr'>Pirithous</span> <span class='ocrx_word' id='word_1_187' title='bbox 662 1929 796 1961; x_wconf 83' lang='lat' dir='ltr'>carried</span> <span class='ocrx_word' id='word_1_188' title='bbox 826 1929 887 1960; x_wconf 83' lang='lat' dir='ltr'>her</span> <span class='ocrx_word' id='word_1_189' title='bbox 914 1929 971 1967; x_wconf 84' lang='lat' dir='ltr'>off,</span> <span class='ocrx_word' id='word_1_190' title='bbox 990 1929 1059 1960; x_wconf 83' lang='lat' dir='ltr'>and</span> <span class='ocrx_word' id='word_1_191' title='bbox 1087 1928 1211 1960; x_wconf 78' lang='lat' dir='ltr'>Castor</span> <span class='ocrx_word' id='word_1_192' title='bbox 1239 1927 1307 1959; x_wconf 80' lang='lat' dir='ltr'>and</span> 
     </span>
     <span class='ocr_line' id='line_1_30' title="bbox 106 1973 479 2005; baseline 0.003 -1"><span class='ocrx_word' id='word_1_193' title='bbox 106 1974 229 2005; x_wconf 86' lang='lat' dir='ltr'>Pollux</span> <span class='ocrx_word' id='word_1_194' title='bbox 248 1973 390 2005; x_wconf 78' lang='lat' dir='ltr'>reseued</span> <span class='ocrx_word' id='word_1_195' title='bbox 409 1974 479 2005; x_wconf 85' lang='lat' dir='ltr'>her.</span> 
     </span>
    </p>
   </div>
   <div class='ocr_carea' id='block_1_5' title="bbox 110 2038 185 2074">
    <p class='ocr_par' dir='ltr' id='par_1_5' title="bbox 110 2038 185 2074">
     <span class='ocr_line' id='line_1_31' title="bbox 110 2038 185 2074; baseline 0.013 -1"><span class='ocrx_word' id='word_1_196' title='bbox 110 2038 185 2074; x_wconf 87' lang='lat'>208</span> 
     </span>
    </p>
   </div>
  </div>
 </body>
</html>
