1445 2297
675 59 815 97 OVID

142 175 228 212 Nec
248 175 336 220 tibi,
356 187 434 224 qua
455 179 589 210 tutum
609 174 702 218 vati,
726 171 874 216 Macer,
894 184 1003 207 arma
1022 158 1184 207 canenti
1295 169 1345 205 35

193 253 337 277 aureus
357 242 399 276 in
420 239 557 277 medio
580 238 713 275 Marte
735 243 895 275 tacetur
917 237 1053 274 Amor.

141 312 183 344 et
207 306 313 343 Paris
335 311 397 343 est
416 305 497 342 illic
518 310 560 342 et
580 304 776 350 adultera,
797 303 931 340 nobile
952 306 1117 348 crimen,

195 377 238 409 et
259 385 392 409 comes
413 373 594 408 extincto
617 370 835 406 Laudamia
855 372 948 406 viro.

141 441 172 475 si
192 439 297 476 bene
318 443 361 475 te
381 439 488 483 novi,
507 449 588 472 non
609 435 716 472 bella
734 435 926 472 libentius
946 437 1032 472 istis
1078 451 1082 454 ·

194 504 306 549 dicis,
327 508 370 541 et
389 517 411 539 a
432 504 574 539 vestris
593 505 635 538 in
655 514 745 538 mea
765 505 894 538 castra
914 503 1036 538 venis.
1298 500 1348 536 40

696 669 796 706 XIX

143 771 184 809 S1
205 772 280 808 tibi
300 784 382 808 non
403 783 502 820 opus
523 775 586 807 est
605 774 773 815 servata,
795 768 932 814 stulte,
954 767 1100 818 puella,

197 842 239 874 at
258 836 356 873 mihi
378 836 440 873 fac
462 849 610 882 serves,
631 849 710 886 quo
731 838 859 885 magis
879 837 965 884 ipse
987 834 1130 871 velim!

143 903 251 955 quod
279 903 389 949 licet,
418 905 622 952 ingratum
651 907 736 946 est3
775 915 825 952 qu
857 901 883 938 d
912 914 993 937 non
1022 900 1119 937 licet
1147 902 1275 937 acrius

252 972 343 1006 urit.

198 1035 351 1072 ferreus
371 1040 446 1081 est,
469 1037 603 1084 siquis,
624 1033 730 1084 quod
752 1036 848 1070 sinit
867 1033 982 1079 alter,
1002 1038 1121 1069 amat.

144 1114 351 1151 speremus
371 1103 534 1151 pariter,
556 1102 706 1150 pariter
725 1104 953 1136 metuamus
973 1103 1170 1144 amantes,
1327 1098 1350 1134 5

199 1173 242 1204 et
261 1166 382 1204 faciat
401 1172 495 1203 voto
515 1179 601 1202 rara
622 1165 781 1215 repulsa
800 1165 943 1202 locum.

144 1247 223 1284 quo
243 1232 342 1270 mihi
363 1232 581 1278 fortunam,
601 1245 702 1282 quae
724 1245 943 1281 numquam
963 1230 1103 1268 fallere
1125 1230 1269 1267 curet?

199 1299 256 1335 nil
277 1312 366 1349 ego,
388 1298 493 1349 quod
515 1297 627 1334 nullo
647 1303 832 1347 tempore
853 1296 1001 1343 laedat,
1021 1310 1111 1333 amo
1128 1297 1135 1333 ἔ

146 1365 314 1402 Viderat
334 1364 410 1401 hoc
431 1367 472 1400 in
492 1377 557 1401 me
579 1366 721 1401 vitium
741 1368 901 1400 versuta
922 1362 1108 1408 Corinna,

200 1443 359 1480 quaque
380 1432 467 1479 capi
488 1441 660 1479 possem,
681 1428 824 1465 callida
844 1432 962 1465 norat
981 1441 1111 1477 opem.
1304 1427 1352 1464 10

145 1509 180 1542 a,
201 1499 389 1547 quotiens
409 1497 494 1532 sani
515 1498 656 1545 capitis
676 1497 849 1532 mentita
869 1493 1028 1531 dolores

201 1567 462 1599 cunctantem
483 1560 598 1598 tardo
618 1563 732 1598 iussit
751 1561 861 1597 abire
882 1559 987 1609 pede
1005 1560 1012 1596 !

146 1641 182 1673 a,
203 1629 391 1678 quotiens
412 1626 527 1663 finxit
548 1626 719 1675 culpam,
741 1631 1019 1676 quantumque
1041 1625 1190 1662 licebat

201 1696 363 1739 insonti,
385 1695 560 1743 speciem
580 1692 765 1742 praebuit
786 1705 872 1728 esse
892 1691 1064 1728 nocens!

147 1761 201 1796 sic
223 1759 290 1795 ubi
311 1764 474 1795 vexarat
493 1758 732 1808 tepidosque
752 1756 952 1794 refoverat
966 1759 1082 1806 ignis,
1305 1757 1352 1793 15

203 1838 336 1861 rursus
358 1830 443 1861 erat
464 1827 565 1860 votis
586 1826 708 1860 comis
729 1828 771 1860 et
791 1828 885 1872 apta
904 1825 1014 1859 meis.

149 1904 246 1940 quas
266 1889 365 1926 mihi
385 1889 612 1934 blanditias,
633 1902 753 1939 quam
773 1888 906 1925 dulcia
926 1888 1047 1925 verba
1066 1888 1232 1937 parabat

203 1956 348 2002 oscula,
370 1956 411 1993 di
431 1957 579 2005 magni,
601 1954 733 2004 qualia
753 1958 932 2004 quotque
953 1953 1098 1990 dabat!

150 2029 227 2077 438
