1445 2297
735 93 875 131 OVID

203 206 246 238 at
265 206 430 238 tenerae
452 200 617 245 faciunt,
639 199 709 235 sed
731 212 811 235 non
832 201 997 248 inpune,
1018 196 1175 247 puellae
1192 210 1200 240 3

258 280 390 317 saepe,
411 280 501 303 suos
522 271 637 303 utero
657 278 758 315 quae
780 270 910 310 necat,
932 266 1017 313 ipsa
1036 266 1151 313 perit.

205 335 290 382 ipsa
307 335 428 382 perit,
448 331 656 381 ferturque
677 343 774 380 rogo
794 329 969 367 resoluta
990 328 1164 378 capillos,

260 403 302 435 et
323 398 497 434 clamant
514 397 709 433 “mei-ito!
724 395 744 407 '’
763 398 831 446 qui
850 395 969 431 modo
991 407 1161 444 cumque
1183 392 1333 429 vident.
1358 392 1408 428 40

206 463 290 501 Ista
309 463 380 500 sed
400 462 599 499 aetherias
620 466 838 498 vanescant
858 460 965 497 dicta
986 473 1057 509 per
1077 472 1202 504 auras,

261 534 303 566 et
324 532 404 566 sint
425 529 624 565 ominibus
644 527 822 577 pondera
843 526 952 563 nulla
972 525 1095 562 meis!

206 595 247 632 di
268 594 417 639 faciles,
438 607 622 643 peccasse
644 592 767 630 semel
788 592 998 629 concedite
1019 596 1121 636 tuto,

261 666 303 698 et
324 663 418 697 satis
439 665 500 697 est
518 673 526 704 ;
556 672 727 709 poenam
748 658 864 707 culpa
885 657 1060 695 secunda
1081 656 1184 693 ferat
1202 656 1208 691 !

785 851 857 888 XV

211 955 364 1000 ANULE,
386 954 580 991 formosae
601 953 774 1002 digitum
796 955 977 989 vincture
998 950 1169 1000 puellae,

263 1020 304 1053 in
325 1030 403 1067 quo
424 1015 672 1053 censendum
694 1015 748 1051 nil
772 1017 846 1051 nisi
867 1014 1001 1051 dantis
1021 1027 1142 1058 amor,

210 1094 354 1117 munus
376 1093 441 1117 eas
462 1079 643 1129 gratum!
675 1084 717 1115 te
738 1078 845 1115 laeta
864 1082 1002 1114 mente
1024 1081 1233 1126 receptum

264 1145 446 1193 protinus
466 1141 642 1178 articulis
663 1140 805 1177 induat
825 1140 891 1176 illa
912 1142 990 1177 suis
1007 1152 1015 1183 ;

210 1211 293 1242 tarn
314 1206 419 1242 bene
440 1206 665 1249 convenias,
687 1216 806 1253 quam
827 1216 985 1239 mecum
1007 1203 1195 1238 convenit
1216 1200 1285 1245 illi,
1392 1200 1413 1236 5

265 1274 307 1305 et
328 1268 502 1317 digitum
522 1269 627 1303 iusto
648 1265 879 1302 commodus
900 1265 994 1301 orbe
1015 1270 1121 1301 teras
1139 1264 1146 1300 l

213 1330 337 1376 Felix,
359 1344 381 1366 a
401 1330 563 1367 domina
583 1329 829 1373 tractaberis,
851 1327 983 1372 anule,
1005 1331 1141 1363 nostra
1158 1339 1167 1370 3

266 1393 426 1430 invideo
447 1392 562 1429 donis
583 1394 660 1427 iani
681 1393 802 1427 miser
821 1393 905 1440 ipse
926 1392 1036 1426 meis.

212 1469 235 1493 o
256 1458 410 1492 utinam
432 1455 516 1491 fieri
536 1455 668 1491 subito
689 1466 778 1490 mea
798 1466 965 1489 munera
986 1465 1143 1502 possem
1159 1452 1170 1474 ¹

266 1518 417 1554 artibus
438 1517 598 1553 Aeaeae
620 1516 874 1565 Carpathiive
895 1518 1000 1552 senis
1017 1515 1023 1551 !
1370 1511 1417 1548 10

213 1585 311 1617 tunc
332 1593 408 1630 ego
428 1585 470 1617 te
492 1582 661 1629 cupiam,
683 1579 856 1623 domina,
879 1583 921 1615 et
941 1580 1124 1626 tetigisse
1144 1575 1323 1626 papillas,

269 1648 311 1679 et
330 1642 484 1678 laevam
504 1644 650 1678 tunicis
670 1643 882 1677 inseruisse
903 1653 1122 1676 manum—-

215 1705 349 1743 elabar
369 1704 497 1754 digito
517 1706 696 1754 quamvis
717 1708 910 1753 angustus
932 1708 974 1740 et
993 1702 1176 1747 haerens,

268 1771 390 1818 inque
412 1770 543 1804 sinum
564 1769 663 1803 mira
683 1766 794 1803 laxus
814 1767 864 1802 ab
885 1771 971 1802 arte
992 1765 1141 1801 cadam.

214 1831 322 1868 idem
344 1843 432 1879 ego,
454 1835 500 1867 ut
518 1842 680 1866 arcanas
700 1831 847 1878 possim
867 1831 1023 1877 signare
1044 1826 1225 1871 tabellas,
1372 1824 1418 1861 15

270 1905 372 1930 neve
392 1897 514 1928 tenax
536 1904 667 1928 ceram
688 1894 870 1940 siccaque
890 1903 1052 1939 gemma
1071 1889 1216 1933 trahat.

694 1988 703 2007 ¹
729 1989 857 2030 possin]
877 1988 963 2028 vecla.

218 2061 294 2107 426
