1445 2297
712 75 852 113 OVID

175 186 268 218 vota
287 184 388 219 mori
408 195 498 219 mea
518 187 625 228 sunt,
647 196 738 219 cum
759 188 801 220 te
822 196 989 232 peccare
1003 183 1016 207 1
1038 182 1237 229 recordor,

230 245 267 279 ei
287 242 398 288 mihi,
419 248 664 292 perpetuum
684 248 779 280 nata
799 242 935 293 puella
954 242 1130 279 malum!

175 302 269 338 Non
289 302 388 339 mihi
409 302 633 352 deceptae²
654 303 811 340 nudant
832 308 902 340 tua
922 302 1028 340 facta
1047 302 1235 349 tabellae,

229 376 305 399 nec
325 362 420 399 data
440 362 588 400 furtive
608 376 776 400 munera
797 366 949 400 crimen
969 363 1134 400 habent

174 436 197 459 o
219 424 373 459 utinam
393 436 605 472 arguerem
627 425 694 469 sic,
716 428 762 460 ut
782 436 864 460 non
884 426 1044 460 vincere
1065 436 1223 473 possem
1242 423 1249 459 1

228 496 294 519 1116
315 485 505 519 miserum
523 483 529 520 !
559 496 681 533 quare
702 488 786 520 tam
806 484 911 520 bona
931 496 1048 520 causa
1067 497 1157 520 mea
1177 483 1267 520 est?

174 542 284 589 felix,
306 546 373 593 qui
395 543 501 593 quod
522 549 630 580 amat
650 543 872 581 defendere
894 543 1053 580 fortiter
1073 543 1209 590 audet,

229 606 293 639 cui
313 617 383 640 sua
405 608 429 624 “
444 617 525 640 non
546 603 624 640 feci
642 604 649 640 l
669 603 689 618 ’'
709 603 844 641 dicere
865 606 991 640 amica
1012 608 1158 653 potest.

174 662 329 700 ferreus
350 668 412 700 est
433 666 682 714 nimiumque
704 677 774 701 suo
794 663 904 701 favet
925 664 992 701 ille
1014 663 1153 709 dolori,

229 726 293 760 cui
313 726 468 773 petitur
487 727 592 761 victa
612 723 745 773 palma
765 729 932 761 cruenta
953 737 1030 761 rea.

176 782 268 832 Ipse
288 787 410 820 miser
430 784 523 829 vidi,
546 798 636 820 cum
657 798 722 821 me
745 784 918 821 dormire
940 789 1114 834 putares,

229 844 382 881 sobrius
402 843 585 893 adposito
606 847 771 880 crimina
791 849 923 881 vestra
942 857 1063 881 mero.

174 905 301 942 multa
323 905 535 955 supercilio
556 905 637 942 vidi
658 907 841 942 vibrante
862 905 1076 956 loquentes
1095 918 1104 950 3

229 966 394 1002 nutibus
415 969 455 1002 111
477 969 618 1003 vestris
638 979 729 1015 pars
750 966 854 1002 bona
875 968 980 1002 vocis
1002 971 1098 1002 erat.

176 1039 258 1062 non
278 1025 382 1062 oculi
403 1031 566 1063 tacuere
587 1029 660 1072 tui,
682 1029 988 1076 conscriptaque
1010 1028 1102 1062 vino

229 1099 379 1132 mensa,
402 1100 477 1123 nec
498 1089 539 1122 in
560 1086 697 1136 digitis
718 1086 855 1123 littera
875 1085 986 1122 nulla
1006 1085 1093 1122 fuit.

175 1159 402 1183 sermonem
423 1149 581 1196 agnovi,
603 1146 710 1196 quod
731 1160 813 1183 non
833 1146 1029 1192 videatur,
1050 1151 1244 1196 agentem

229 1208 431 1257 verbaque
453 1220 523 1256 pro
544 1209 664 1244 certis
685 1209 788 1243 iussa
809 1205 942 1243 valere
964 1208 1080 1243 notis.

174 1269 334 1317 iamque
355 1266 546 1317 frequens
567 1269 668 1303 ierat
688 1280 827 1303 mensa
848 1269 1014 1302 conviva
1033 1266 1174 1303 relicta
1193 1279 1201 1310 ;

229 1330 426 1376 conpositi
447 1330 612 1363 iuvenes
633 1340 737 1363 unus
758 1332 800 1363 et
821 1326 924 1363 alter
945 1331 1070 1362 erant.

175 1387 343 1436 inproba
364 1392 451 1423 tum
472 1400 566 1423 vero
587 1389 804 1435 iungentes
825 1385 958 1422 oscula
978 1386 1115 1422 vidi—

229 1446 297 1483 illa
316 1447 415 1483 mihi
434 1447 573 1497 lingua
594 1460 697 1483 nexa
717 1446 838 1483 fuisse
858 1446 1043 1496 liquet—

176 1507 307 1557 qualia
328 1521 409 1543 non
429 1507 542 1544 fratri
562 1507 703 1544 tulerit
723 1520 914 1556 germana
935 1519 1086 1551 severo,

230 1567 301 1604 sed
321 1567 462 1604 tulerit
483 1567 629 1616 cupido
649 1566 779 1603 mollis
800 1569 925 1603 amica
946 1569 1029 1602 viro
1046 1579 1054 1610 ;

177 1627 310 1677 qualia
330 1627 521 1664 credibile
543 1632 605 1664 est
625 1640 705 1663 non
728 1626 890 1663 Phoebo
910 1626 1015 1663 ferre
1038 1625 1242 1672 Dianan1,3

230 1687 301 1724 sed
323 1687 525 1724 Venerem
548 1687 669 1723 Marti
689 1700 808 1736 saepe
828 1686 967 1723 tulisse
989 1700 1070 1723 suo.

1338 603 1385 640 10

1337 905 1384 942 15

177 1746 318 1794 “Quid
335 1747 454 1784 facis?
465 1746 484 1761 ⁷'
502 1747 694 1793 exclamo,
710 1751 820 1797 “quo
837 1760 944 1783 nunc
960 1760 1050 1783 mea
1064 1745 1210 1796 gaudia
1226 1745 1384 1786 differs?

229 1810 389 1844 iniciam
410 1808 591 1844 dominas
612 1810 651 1843 in
673 1820 763 1843 mea
784 1810 868 1843 iura
888 1807 1052 1843 manus!

349 1899 530 1942 1peccare
548 1900 696 1931 Aszteller
710 1900 807 1953 from
831 1899 879 1931 P·
904 1910 1065 1941 peccasse
1082 1899 1168 1939 1-1ιί9.

349 1944 362 1962 2
386 1944 577 1986 deplensae
594 1944 688 1976 Elam.

349 1988 362 2007 3
385 1988 429 2020 So
448 1988 561 2020 Beata
587 1987 766 2019 Phoebum
786 2012 793 2019 .
815 2012 822 2020 .
844 2012 852 2019 .
872 1987 1006 2019 Dianae
1025 1986 1130 2019 MSS.

177 2062 254 2098 394

1334 1806 1384 1843 30
