1409 2282
670 50 837 88 OVID·
875 62 881 67 ·

137 170 272 207 sospes
292 157 341 194 ad
364 157 610 194 Haemonias
631 159 835 207 victorque
856 159 1068 194 reverteris
1090 157 1230 201 urbes;

191 215 355 261 ponitur
374 211 425 248 ad
445 214 593 261 patrios
613 224 732 248 aurea
751 211 842 247 lana
861 211 969 248 deos.

138 265 248 312 Quid
269 266 441 303 referam
464 266 598 303 Peliae
619 271 733 302 natas
753 268 906 315 pietate
927 270 1122 302 nocentes

192 333 386 370 caesaque
406 323 586 369 virginea
605 321 785 356 membra
810 325 977 369 paterna
1001 320 1150 356 manu?
1264 321 1338 358 130

137 380 184 412 ut
204 375 371 424 culpent
389 374 469 420 alii>
489 375 564 411 tibi
583 388 648 411 me
669 374 831 411 laudare
852 387 1016 411 necesse
1038 379 1112 419 est,

191 442 262 478 pro
283 442 361 479 quo
382 442 469 466 sum
488 431 639 466 totiens
661 441 746 465 esse
768 434 905 465 coacta
924 441 1084 465 nocens.

136 496 254 520 ausus
276 497 409 528 es—-o,
431 486 535 520 iusto
555 483 704 520 desunt
724 496 793 519 sua
813 484 933 520 verba
953 483 1080 519 dolori
1097 484 1160 519 1-

191 551 308 575 ausus
329 551 370 575 es
391 542 417 558 “
433 537 645 583 Aesonia,’'
668 537 817 583 dicere,
838 541 862 557 “
875 537 974 574 cede
995 537 1113 574 domo
1131 538 1138 573 1
1154 537 1174 548 '⁵

136 594 240 629 iussa
259 592 378 629 domo
399 594 498 629 cessi
518 595 622 628 natis
643 594 832 628 comitata
851 591 1006 628 duobus
1264 592 1338 628 135

192 651 247 692 et,
267 649 335 696 qui
354 660 420 683 me
441 649 622 696 sequitur
641 659 813 695 semper,
832 658 965 682 amore
985 648 1055 682 tui.

136 706 182 738 ut
202 701 335 738 subito
355 706 510 737 nostras
534 701 701 750 Hymen
721 705 906 737 cantatus
927 700 978 737 ad
997 713 1112 736 aures

191 758 316 800 venit,
337 761 380 792 et
398 767 566 791 accenso
584 754 791 804 lampades
810 757 905 804 igne
925 757 1087 799 micant,

135 809 315 859 tibiaque
337 809 507 846 effundit
527 809 686 846 socialia
705 811 880 845 carmina
900 809 1023 854 vobis,

190 869 232 900 at
252 863 351 900 mihi
371 863 539 900 funerea
558 863 749 900 flebiliora
768 864 878 908 tuba,
1265 864 1339 900 140

136 921 339 967 pertimui,
359 931 434 954 nec
454 917 585 954 adhuc
605 923 764 954 tantum
785 917 913 954 scelus
935 930 1020 954 esse
1041 918 1231 967 putabam
1249 930 1258 961 ;

190 972 261 1009 sed
282 977 419 1009 tamen
440 975 481 1008 in
501 977 589 1009 toto
610 977 774 1021 pectore
795 971 922 1021 frigus
943 977 1038 1008 erat.

134 1027 253 1064 turba
281 1031 405 1063 ruunt
434 1032 476 1063 et
506 1031 529 1047 “
547 1026 753 1076 Hynien,''
784 1026 972 1072 clamant,
993 1030 1017 1046 “
1032 1026 1272 1076 Hymenaee
1290 1027 1296 1062 !
1314 1026 1335 1037 '⁹

243 1080 535 1131 frequenter—-

190 1148 268 1185 quo
287 1137 447 1184 propior
466 1148 541 1171 vox
562 1134 675 1180 haec,
696 1134 770 1171 hoc
789 1134 887 1170 mihi
908 1137 1020 1184 peius
1041 1139 1137 1171 erat.

135 1189 281 1226 diversi
300 1189 452 1226 flebant
471 1192 574 1226 servi
595 1189 855 1238 lacrimasque
877 1190 1128 1238 tegebant—
1262 1192 1336 1229 145

189 1247 276 1293 quis
297 1243 422 1280 vellet
441 1246 731 1280 tantinuntius
752 1256 838 1279 esse
858 1243 951 1279 mali
968 1244 981 1279 ἒ

134 1311 199 1334 me
222 1311 394 1347 quoque,
415 1297 611 1347 quidquid
631 1302 729 1342 erat,
751 1300 883 1346 potius
903 1300 1058 1334 nescire
1079 1298 1264 1344 iuvabat3

189 1352 258 1388 sed
279 1357 482 1402 tamquam
505 1355 661 1396 scirem,
680 1364 795 1388 mens
815 1364 906 1388 mea
924 1354 1050 1388 tristis
1071 1358 1169 1397 erat,

137 1419 228 1443 cum
249 1409 379 1443 minor
400 1420 421 1443 e
442 1409 576 1456 pueris
596 1409 723 1442 iussus
737 1406 750 1429 1
772 1405 985 1456 studioque
1006 1405 1169 1443 videndi

188 1463 371 1497 constitit
390 1460 439 1497 ad
461 1463 647 1510 geminae
668 1459 806 1496 limina
826 1463 952 1509 prima
973 1459 1078 1496 foris.
1261 1463 1337 1500 150

133 1518 158 1534 “
170 1513 289 1550 hinc''
308 1514 322 1537 2
369 1514 467 1550 mihi
515 1518 539 1534 “
554 1520 694 1559 mater,
741 1515 805 1550 abi
821 1514 858 1550 13
904 1527 1090 1563 pompam
1138 1516 1291 1564 pater,''

241 1571 385 1618 inquit,
406 1568 562 1605 “Iason

188 1622 300 1659 ducit
321 1628 363 1660 et
382 1622 593 1659 adiunctos
613 1635 755 1659 aureus
775 1627 895 1671 urget
915 1623 1059 1672 equos!
1079 1623 1098 1634 '’

320 1686 331 1706 1
356 1688 470 1718 iussus
488 1688 520 1719 P
532 1688 561 1719 G
580 1687 696 1718 Flam:
722 1686 834 1718 lassus
851 1687 918 1718 Pa.

319 1729 333 1749 2
356 1731 411 1762 hic
431 1744 444 1763 ς
461 1730 567 1762 Hein.
745 1729 757 1749 3
780 1730 837 1761 abi
854 1731 908 1762 P:
934 1730 992 1761 adi
1008 1731 1105 1762 Elzw.

175 1805 190 1819 ‘¹
214 1800 264 1830 At
281 1800 341 1830 the
358 1800 561 1840 persuasion
578 1799 613 1830 of
630 1799 766 1837 Medea,
786 1799 865 1830 who
877 1799 1010 1830 wished
1023 1804 1059 1831 to
1069 1811 1201 1843 avenge
1212 1801 1332 1841 Jason,

132 1842 219 1884 they
249 1843 448 1884 attempted
482 1843 541 1874 the
573 1843 817 1883 rejuvenation
848 1842 884 1874 of
914 1843 1008 1874 their
1042 1843 1160 1876 father
1191 1845 1236 1887 by
1264 1845 1332 1877 dis-

133 1885 349 1927 membering
364 1886 434 1917 and
453 1885 584 1927 boiling
603 1886 674 1916 him
693 1887 727 1917 in
744 1897 765 1917 a
782 1886 955 1927 supposed
973 1888 1084 1928 magio
1102 1888 1281 1920 eauldron.

175 1930 188 1949 ὁ
212 1929 310 1972 They
327 1940 417 1960 were
435 1930 509 1960 still
527 1930 562 1960 iu
580 1930 640 1960 the
658 1929 788 1971 palace.
839 1929 988 1967 Palmer,
1008 1931 1086 1961 who
1106 1931 1207 1963 reads
1222 1932 1334 1965 lassus

131 1972 200 2004 and
217 1973 282 2011 abi,
303 1974 458 2014 pictures
476 1973 599 2004 Medea
619 1973 687 2004 and
705 1973 767 2004 her
784 1983 844 2004 son
861 1974 897 2004 in
914 1973 975 2005 the
992 1977 1112 2007 street.

137 2029 206 2066 152
