1409 2282
663 36 803 74 OVID

130 147 200 178 aut
219 147 261 178 te
282 141 498 178 Taenariae
520 141 663 178 faciem
683 141 862 190 culpasse
882 143 1061 185 maritae,
1283 141 1332 177 45

185 201 255 232 aut
275 196 331 231 illi
353 195 498 232 vellem
518 195 764 245 displicuisse
785 201 895 232 tuam
914 196 920 232 !
1353 192 1360 198 ”

130 255 188 295 tu,
209 253 276 300 qui
298 263 368 299 pro
388 255 502 299 rapta
522 253 702 293 nimium,
726 249 924 294 Menelae,
946 249 1112 293 laboras,

185 307 221 341 ei
241 304 351 349 mihi,
374 318 492 354 quam
512 304 649 340 multis
669 303 810 340 flebilis
831 303 936 340 ultor
957 306 1032 340 eris
1051 304 1058 339 !

131 358 184 404 di,
206 371 357 407 precor,
378 372 400 394 a
420 359 533 395 nobis
553 371 671 394 omen
692 363 895 395 removete
917 360 1132 402 sinistrum,

185 418 228 449 et
248 426 317 449 sua
336 412 407 449 det
429 412 580 449 Reduci
601 415 659 448 vir
678 426 790 449 meus
810 426 918 448 arma
940 412 1022 448 Iovi
1039 413 1046 448 I
1284 411 1334 447 50

130 467 201 503 sed
229 469 366 512 timeo,
387 469 573 516 quotiens
593 467 714 503 subiit
734 466 957 503 miserabile
978 465 1153 509 bellunm

183 534 293 557 more
314 523 414 557 nivis
434 521 620 557 lacrimae
642 520 723 557 sole
746 520 946 557 madentis
968 525 1077 556 eunt.

135 575 235 611 Ilion
256 580 298 611 et
318 574 504 611 Tenedos
525 575 747 624 Simoisque
769 580 811 611 et
831 574 1017 611 Xanthus
1038 579 1080 610 et
1102 574 1173 610 Ide

184 632 347 665 nomina
366 635 460 666 sunt
480 632 565 678 ipso
586 642 714 678 paene
735 629 916 665 timenda
936 642 1042 665 sono.

131 697 205 720 nec
226 697 365 732 rapere
386 697 563 728 ausurus,
586 686 660 720 nisi
680 696 721 720 se
743 682 964 720 defendere
986 688 1132 732 posset,
1284 683 1333 719 55

184 737 328 787 hospes
358 743 444 774 erat
462 751 470 781 3
499 740 600 774 vires
620 742 786 774 noverat
806 737 873 773 ille
894 750 992 774 suas.

130 797 308 837 venerat,
330 797 375 828 ut
395 791 499 828 fama
521 797 594 837 est,
615 792 744 828 multo
763 791 991 840 spectabilis
1011 804 1106 828 auro

184 849 331 896 quique
354 859 423 883 suo
446 846 637 895 Phrygias
658 859 821 895 corpore
842 845 968 882 ferret
988 859 1095 894 opes,

130 900 252 937 classe
274 903 444 950 virisque
466 906 621 949 potens,
643 913 715 949 per
734 913 835 949 quae
856 899 940 936 fera
960 899 1065 936 bella
1085 905 1335 949 geruntur—

185 960 227 991 et
247 957 427 1004 sequitur
448 957 561 1003 regni
582 967 671 1003 pars
692 959 988 1004 quotacumque
1009 955 1097 990 sui?
1284 954 1333 990 60

132 1008 192 1045 his
213 1022 289 1058 ego
309 1014 350 1045 te
372 1011 530 1052 victam,
552 1022 711 1044 consors
732 1008 892 1045 Ledaea
912 1008 1107 1057 gemellis,

184 1065 382 1112 suspicor;
412 1063 510 1099 haec
534 1062 681 1099 Danais
702 1076 816 1111 posse
837 1075 981 1099 nocere
1003 1063 1130 1111 put0.1

132 1117 324 1162 Hectora,
345 1119 521 1166 quisquis
542 1120 573 1153 is
593 1122 667 1162 est,
689 1119 720 1153 si
742 1130 828 1153 sum
848 1117 923 1153 tibi
944 1130 1044 1161 cara,
1066 1121 1206 1153 caveto
1225 1129 1233 1161 ;
1282 1117 1331 1153 65

183 1174 386 1220 signatum
405 1174 571 1207 memori
592 1176 755 1220 pectore
776 1184 923 1207 nomen
945 1170 1047 1207 habe
1064 1171 1071 1206 1

130 1225 236 1261 hunc
258 1225 325 1261 ubi
346 1228 493 1270 vitaris,
515 1225 610 1261 alios
631 1228 756 1261 vitare
776 1230 983 1261 memento

187 1285 230 1316 et
250 1279 397 1316 multos
419 1279 498 1315 illic
524 1279 721 1316 Hectoras
743 1292 828 1315 esse
852 1284 973 1328 puta;

129 1339 172 1370 et
192 1334 313 1370 facito
333 1339 378 1370 ut
399 1333 518 1379 dicas,
540 1336 725 1383 quotiens
746 1346 925 1382 pugnare
946 1333 1100 1382 parabis
1117 1346 1124 1369 ε

185 1392 383 1436 “parcere
404 1401 468 1424 me
489 1390 602 1424 iussit
622 1387 840 1424 Laudamia
860 1387 972 1424 sibi.'’
1284 1387 1333 1425 70

129 1445 160 1478 si
181 1442 323 1478 cadere
347 1441 533 1490 Argolico
554 1441 611 1478 fas
632 1447 693 1478 est
713 1442 786 1478 sub
806 1441 933 1478 milite
955 1441 1125 1486 Troiam,

182 1501 224 1532 te
245 1509 403 1545 quoque
424 1509 504 1531 non
525 1495 650 1532 ullum
671 1495 812 1532 vulnus
832 1495 1009 1531 habente
1029 1495 1146 1532 cadat
1163 1496 1170 1532 !

130 1555 285 1599 pugnet
306 1555 348 1586 et
367 1549 552 1586 adversos
572 1549 716 1586 tendat
737 1549 947 1586 Menelaus
967 1552 1007 1585 in
1028 1549 1153 1586 hostis
1170 1549 1206 1593 ;2

183 1604 363 1640 hostibus
384 1617 405 1640 e
426 1604 569 1640 mediis
589 1609 714 1653 nupta
737 1603 914 1652 petenda
935 1606 1016 1639 viro
1038 1609 1109 1640 est.
1281 1604 1330 1642 76

172 1690 181 1709 ¹
207 1691 260 1728 63,
279 1691 319 1721 64
337 1690 497 1730 spurious
515 1690 580 1721 Pa.
598 1704 604 1722 :

215 1742 370 1773 Hectora
387 1743 503 1773 nescio
520 1753 622 1783 quem
641 1742 748 1773 timeo
765 1755 771 1774 :
798 1741 897 1773 Paris
915 1742 1069 1774 Hectora
1085 1742 1178 1774 dixit

259 1785 372 1816 ferrea
389 1786 579 1827 sanguinea
597 1785 687 1816 bella
705 1796 843 1817 movere
861 1796 965 1817 manu
983 1798 991 1823 ;

206 1837 258 1875 74,
278 1837 319 1871 75
334 1837 494 1878 spurious
509 1837 620 1868 ilserkn
640 1837 707 1868 Pa.
724 1850 730 1869 :

258 1893 299 1920 ut
315 1889 432 1930 rapiat
449 1888 567 1920 Paridi
585 1899 689 1930 quam
708 1889 806 1920 Paris
823 1893 905 1920 ante
921 1889 987 1920 sibi

215 1933 333 1963 inruat
351 1937 386 1963 et
403 1943 506 1963 causa
523 1943 626 1973 quem
645 1933 741 1971 vicit,
764 1933 881 1964 vincat
897 1936 933 1964 et
950 1933 1056 1964 armis
1071 1945 1078 1964 τ

134 1996 204 2031 162

169 1836 183 1856 2
