1445 2297
685 93 824 132 OVII)

153 206 197 238 ut
218 201 379 237 valeant
398 200 511 246 aliae,
533 200 683 237 ferrum
703 202 913 249 patiuntur
933 204 975 236 et
995 202 1122 248 ignes,

206 261 286 298 fert
305 261 391 297 aliis
410 264 566 297 tristem
591 273 706 296 sucus
727 273 881 296 amarus
902 272 1031 308 opem.

151 321 208 357 nil
229 334 328 370 opus
349 327 411 358 est
430 324 539 364 istis;
568 326 728 358 tantum
750 323 922 369 periuria
943 323 1023 356 vita
1283 319 1357 355 185

205 387 328 431 teque
349 381 465 417 simul
487 394 598 417 serva
618 394 763 430 meque
785 380 1001 430 datamque
1023 379 1143 416 fidem
1163 380 1169 416 ἔ

152 444 395 491 praeteritae
416 444 573 478 veniam
595 441 708 477 dabit
727 443 953 490 ignorantia
974 439 1170 488 eulpae——

206 501 440 538 exciderant
459 504 592 537 animo
613 500 776 537 foedera
796 500 901 537 lecta
920 505 1001 536 tuo.

150 561 356 598 admonita
377 575 418 599 es
438 561 558 598 modo
578 574 673 598 voce
694 574 784 597 mea
805 574 895 597 cum
910 561 921 583 l
943 560 1096 596 casibus
1116 562 1213 605 istis,

205 635 315 672 qUOS,
337 625 524 672 quotiens
544 627 720 671 temptas
741 620 893 666 fallere,
915 619 1019 657 ferre
1041 619 1153 656 soles.
1283 618 1358 655 190

152 681 213 718 his
234 695 392 732 quoque
415 685 547 719 vitatis
569 685 609 718 in
630 687 747 731 partu
769 694 915 730 nempe
936 680 1105 729 rogabis,

207 747 251 778 ut
271 743 345 778 tibi
366 741 550 778 luciferas
571 741 728 778 adferat
747 740 814 777 illa
834 754 975 777 manus
992 742 1006 777 ?

151 802 290 838 audiet
311 801 656 851 haec—repetens
677 814 779 851 quae
800 806 894 837 sunt
914 800 1063 845 audita,
1085 802 1275 849 requiret,

207 865 282 898 iste
304 863 377 898 tibi
398 862 449 899 de
471 875 549 912 quo
570 864 740 911 coniuge
761 866 898 910 partus
919 866 994 897 eat.

152 925 363 971 promittes
384 924 653 958 votum—scit
672 926 713 958 te
734 924 971 970 promittere
992 920 1115 963 fals-03
1284 919 1358 956 195

205 983 483 1019 iurabis—seit
502 987 543 1019 te
565 981 704 1018 fallere
724 995 839 1031 posse
860 981 979 1018 deos!

153 1042 246 1079 Non
265 1045 398 1091 agitur
418 1042 469 1079 de
489 1055 554 1078 me
573 1055 581 1086 ;
611 1055 703 1078 cura
722 1045 871 1078 maiore
891 1041 1037 1078 laboro.

206 1106 320 1139 anxia
342 1108 437 1139 sunt
457 1105 561 1139 vitae
582 1107 745 1151 pectora
765 1107 901 1139 nostra
926 1107 1031 1138 tuae.

153 1176 223 1200 cur
243 1163 362 1200 modo
382 1169 424 1200 te
445 1163 608 1200 dubiam
628 1162 760 1212 pavidi
780 1162 925 1199 flevere
946 1167 1147 1211 parentes,

207 1226 364 1273 ignaros
385 1223 526 1272 eulpae
546 1236 644 1272 quos
664 1222 760 1259 facis
782 1236 867 1259 esse
888 1223 1010 1258 tuae?
1283 1221 1359 1257 200

153 1288 196 1320 et
216 1297 285 1319 eur
306 1284 523 1333 ignorent?
553 1285 671 1319 matri
691 1282 788 1319 licet
808 1285 941 1318 omnia
961 1294 1107 1318 narres.

207 1343 262 1379 nil
283 1349 365 1388 tua,
387 1343 581 1393 Cydippe,
603 1341 708 1379 facta
728 1343 881 1379 ruboris
897 1342 912 1365 2
932 1341 1095 1378 habent.

153 1404 293 1440 ordine
314 1403 375 1440 fae
396 1404 544 1440 referas
566 1408 609 1440 ut
631 1406 681 1440 Sis
701 1402 799 1439 mihi
820 1405 979 1452 cognita
1000 1405 1171 1451 primum

208 1478 317 1501 sacra
337 1464 592 1514 pharetratae
613 1464 710 1500 dum
731 1463 826 1499 facit
847 1466 931 1512 ipsa
950 1463 1074 1507 deae3

154 1529 199 1561 ut
218 1530 260 1561 te
283 1529 498 1573 conspecta
519 1525 663 1569 subito,
685 1527 716 1560 si
736 1523 840 1560 forte
862 1526 1022 1568 notasti,
1283 1523 1358 1559 205

207 1581 425 1615 restiterim
446 1578 530 1614 fixis
551 1581 593 1614 in
613 1583 682 1614 tua
702 1579 882 1614 membra
902 1580 1016 1626 genis
1035 1590 1043 1620 ;

154 1638 208 1678 et,
230 1638 271 1669 te
292 1633 388 1669 dum
410 1635 577 1669 nimium
596 1635 728 1677 miror,
750 1637 846 1668 nota
866 1636 975 1668 certa
995 1630 1150 1676 furoris,

207 1687 433 1723 deciderint
453 1700 591 1723 umero
611 1686 730 1735 pallia
748 1686 857 1735 lapsa
876 1699 966 1722 ineo
980 1686 1018 1729 33

154 1741 365 1790 postmodo
386 1744 519 1778 neseio
540 1754 617 1791 qua
637 1743 792 1777 venisse
813 1740 986 1777 volubile
1007 1740 1168 1786 malum,

209 1797 327 1832 verba
349 1795 482 1832 ferens
503 1795 631 1832 doctis
652 1795 839 1831 insidiosa
860 1797 977 1837 notis,
1281 1794 1358 1830 210

284 1882 293 1901 ¹
319 1894 397 1914 cum
414 1883 539 1914 Hous.:
567 1883 668 1914 modo
686 1883 790 1914 MSS.
925 1882 938 1900 '2
960 1882 1104 1924 pudoris
1122 1896 1147 1914 ς.

284 1926 297 1945 3
321 1927 474 1958 humeris
501 1952 507 1958 .
537 1952 542 1958 .
572 1952 578 1958 .
606 1927 690 1957 meis
711 1926 1098 1965 Pl11f71.(?))[erk.Secll.
1118 1926 1214 1957 Ehw.

444 2011 457 2023 ‘¹
485 2005 514 2035 A
532 2004 693 2045 frequent
712 2003 848 2045 epithet
865 2003 901 2034 of
919 2003 1040 2034 Diana.
