1445 2297
689 86 828 124 OVID

154 195 315 240 tempus
337 196 434 237 erat,
456 190 594 241 thyrso
613 192 772 241 pulsum
791 195 972 242 graviore
990 196 1164 238 moveri;

211 256 409 288 cessatum
430 255 524 288 satis
545 255 794 301 est—incipe
815 256 941 289 maius
961 267 1059 302 opus
1079 254 1085 289 !

160 314 326 347 materia
348 314 494 360 premis
516 315 735 361 ingenium.
769 326 866 349 cane
888 313 993 350 facta
1013 316 1197 350 virorum.
1312 315 1360 351 25

212 375 222 391 ⁶
239 371 337 408 haec
357 371 514 416 animo‚’
538 372 660 417 dices,
683 377 693 392 ⁶
707 386 799 409 area
820 372 927 409 facta
946 386 1037 410 meo
1059 379 1120 410 est
1138 374 1145 410 !
1164 374 1170 385 ²

156 431 263 480 quod
284 437 449 468 tenerae
471 437 650 477 cantent,
671 433 766 469 lusit
786 438 856 469 tua
878 433 1005 479 Musa,
1027 434 1198 483 puellae,

210 495 417 542 primaque
438 505 510 541 per
530 506 717 529 numeros
738 498 826 529 acta
847 496 1011 530 iuventa
1031 507 1131 531 suos.

154 565 261 587 nunc
283 551 451 588 habeam
473 565 544 601 per
564 558 606 588 te
630 552 807 589 Romana
826 553 1049 603 Tragoedia
1069 555 1239 592 nomen!

211 612 384 657 inplebit
404 612 515 661 leges
536 615 698 661 spiritus
718 616 793 649 iste
815 613 962 650 meas.’'
1312 616 1362 652 30

158 672 380 716 Hactenus,
403 677 444 708 et
464 675 589 708 movit
609 675 726 721 pictis
748 675 883 709 innixa
904 673 1109 710 cothurnis

208 732 379 768 densum
401 735 573 769 caesarie
594 737 736 782 terque
758 738 981 783 quaterque
1002 740 1132 783 caput.

156 792 293 837 altera,
317 795 346 828 si
368 795 546 837 memini,
568 792 672 829 limis
693 793 854 829 subrisit
874 793 1067 831 ocellis—

209 852 335 897 fallor,
358 866 409 888 an
431 855 471 888 in
493 852 635 889 dextra
656 858 812 902 myrtea
833 856 943 903 virga
963 853 1041 891 fuit
1058 856 1073 890 ?

155 916 178 933 ‘⁶
195 912 302 959 Quid
324 913 510 961 gravibus
532 913 674 957 verbis,
695 915 872 949 animosa
892 913 1153 963 T1·agoedia,’'
1176 914 1290 961 dixit,
1312 915 1362 952 35

207 976 231 992 ‘⁶
243 986 307 1008 me
328 973 507 1021 premis?
527 986 578 1008 an
598 986 816 1022 numquam
836 986 917 1009 non
935 976 1066 1023 gravis
1085 988 1171 1011 esse
1191 977 1337 1024 potes?

153 1033 356 1081 inparibus
376 1038 513 1068 tamen
535 1046 577 1069 es
597 1035 773 1069 numeris
793 1032 959 1082 dignata
978 1037 1128 1071 moveri
1146 1047 1155 1079 ;

208 1095 246 1128 111
269 1106 332 1128 me
360 1095 549 1141 pugnasti
570 1093 749 1129 versibus
770 1106 839 1129 usa
859 1096 969 1131 meis.

153 1165 233 1188 non
255 1166 331 1201 ego
352 1152 593 1189 contulerim
614 1152 798 1189 sublimia
818 1157 992 1190 carmina
1012 1158 1157 1192 nostris
1174 1168 1182 1199 ;

206 1213 339 1249 obruit
360 1215 523 1261 exiguas
543 1215 653 1262 regia
674 1218 805 1250 vestra
825 1213 940 1251 fores.
1311 1216 1362 1252 40

152 1286 239 1310 sum
260 1273 370 1318 levis,
393 1278 435 1310 et
455 1286 614 1310 mecum
635 1273 733 1310 levis
754 1278 827 1319 est,
848 1287 938 1311 mea
959 1288 1063 1321 cura,
1085 1275 1265 1325 Cupido;

207 1346 287 1369 non
310 1346 397 1369 sum
417 1336 585 1369 materia
605 1332 746 1370 fortior
765 1336 850 1383 ipsa
869 1347 969 1371 mea.

152 1396 299 1430 rustica
319 1395 370 1430 sit
391 1395 476 1430 sine
497 1406 562 1430 1116
582 1393 716 1430 lascivi
736 1399 867 1430 mater
887 1394 1045 1431 Amoris
1064 1408 1072 1439 ;

208 1453 299 1489 huic
320 1466 396 1502 ego
415 1456 581 1502 proveni
602 1452 694 1490 lena
715 1467 928 1504 comesque
949 1454 1060 1491 deae.

152 1520 271 1557 quam
292 1512 336 1544 tu
358 1520 439 1544 non
460 1510 610 1557 poteris
631 1507 730 1544 duro
751 1521 927 1545 reserare
949 1508 1158 1555 cothurno,
1309 1511 1358 1546 45

206 1561 305 1598 haec
327 1567 388 1598 est
409 1561 614 1598 blanditiis
635 1565 752 1598 ianua
772 1562 861 1598 laxa
882 1566 980 1599 meis
997 1576 1004 1605 ;

153 1620 195 1652 et
214 1621 353 1652 tamen
374 1619 525 1652 emerui
546 1616 635 1665 plus
657 1629 775 1665 quam
795 1621 839 1652 tu
861 1630 988 1665 posse,
1010 1617 1179 1654 ferendo

205 1670 333 1706 multa
353 1669 564 1719 supercilio
585 1684 664 1706 non
687 1671 877 1719 patienda
897 1676 978 1708 tuo.

152 1737 224 1773 per
243 1738 307 1761 me
328 1724 502 1773 decepto
521 1724 663 1761 didicit
683 1725 849 1761 custode
871 1725 1042 1762 Corinna

204 1779 352 1815 liminis
371 1778 552 1815 adstricti
572 1778 785 1816 sollicitare
805 1779 937 1825 fidem,
1310 1781 1360 1818 50

151 1832 364 1882 delabique
385 1838 472 1869 toro
492 1836 628 1869 tunica
649 1833 780 1870 velata
800 1833 929 1870 soluta

205 1892 326 1937 atque
348 1890 597 1936 inpercussos
618 1893 737 1924 nocte
757 1901 918 1924 movere
938 1888 1073 1937 pedes.

283 2003 296 2015 ¹‘
322 1996 395 2027 The
413 1996 498 2028 staff
511 1997 547 2028 of
564 1997 733 2036 Bacchus,
752 1998 964 2040 patron-god
982 1998 1018 2030 of
1033 1999 1094 2030 the
1111 1998 1242 2030 drama.

152 2061 230 2105 446
