1445 2297
689 79 832 118 OVID

148 193 272 238 atque
297 187 440 224 eadem
464 200 655 237 sponsum
677 187 827 224 multos
843 187 855 210 1
877 192 974 224 ante
993 190 1095 224 atria
1115 190 1260 233 mittis,

205 252 324 285 unius
345 254 390 285 ut
412 249 523 285 verbi
544 247 712 298 grandia
733 247 881 284 damna
903 248 1047 285 ferant.
1311 248 1362 285 20

150 322 228 346 nec
248 314 293 346 tu
315 308 515 353 consulto,
535 321 612 345 nec
632 313 676 345 tu
698 308 873 345 iucunda
894 308 1070 353 diserto;

206 372 365 419 cogitur
386 368 438 405 ad
459 369 553 406 lites
573 382 739 419 surgere
761 374 932 419 uterque
953 382 1085 406 novas.

150 436 210 476 tu,
231 444 322 467 cum
344 429 512 467 feminei
534 432 689 479 possint
710 443 866 466 cessare
887 429 1058 476 labores,

205 491 404 527 lanificam
426 504 588 527 revocas
608 490 659 527 ad
681 504 750 527 sua
771 504 896 540 pensa
918 504 1094 528 manum.

152 552 301 590 Omnia
322 551 688 601 perpeterer—sed
709 564 874 601 surgere
896 565 1014 588 mane
1036 551 1206 601 puellas,

206 615 295 663 quis
316 615 391 649 nisi
413 615 477 649 cui
498 625 580 648 non
601 617 664 649 est
686 611 766 648 ulla
786 611 921 661 puella
943 611 1078 649 ferat?

151 676 286 722 optavi
308 675 510 723 quotiens,
531 685 583 709 ne
604 685 683 709 nox
704 672 779 709 tibi
800 672 946 709 cedere
967 672 1105 719 vellet,

206 747 258 770 ne
280 733 473 783 fugerent
495 732 629 769 vultus
651 732 782 769 sidera
803 738 913 770 mota
934 738 1024 770 tuos
1042 734 1049 769 !

151 797 287 843 optavi
308 796 510 843 quotiens,
530 798 600 830 aut
623 798 768 830 ventus
789 792 999 843 frangeret
1019 806 1150 840 axem,

206 859 276 891 aut
297 853 462 890 caderet
483 856 607 903 spissa
629 854 736 890 nube
758 858 945 890 retentus
967 867 1094 904 equus
1113 853 1150 890 3⁶2
1318 854 1368 891 30

151 914 300 960 invida,
321 928 400 965 quo
421 915 640 964 properas?
670 913 777 964 quod
801 919 888 950 erat
908 914 982 951 tibi
1005 914 1108 951 filius
1128 919 1232 961 ater,
1319 914 1368 950 33

207 978 379 1012 materni
403 974 536 1011 fuerat
558 977 734 1024 pectoris
755 973 824 1011 ille
846 974 965 1011 color.

152 1036 330 1073 Tithono
352 1035 499 1072 vellem
521 1035 572 1072 de
594 1040 635 1072 te
656 1048 818 1072 narrare
840 1035 1010 1079 lice1·et;
1318 1036 1368 1072 35

207 1096 359 1134 femina
381 1110 461 1132 non
483 1095 594 1133 caelo
614 1098 771 1146 turpior
792 1095 873 1132 ulla
894 1095 1012 1133 foret.

152 1157 264 1193 illum
288 1157 384 1193 dum
405 1156 571 1204 refugis,
592 1156 714 1205 longo
734 1159 826 1206 quia
847 1156 1037 1206 grandior
1055 1170 1167 1202 aevo,

207 1220 336 1267 surgis
356 1217 406 1254 ad
426 1220 572 1254 invisas
593 1230 615 1253 a
636 1230 732 1253 sene
754 1230 873 1254 mane
894 1222 1012 1254 rotas.

152 1284 194 1316 at
215 1281 260 1324 si,
281 1291 402 1328 quem
422 1278 581 1323 mavis‚3
601 1277 826 1327 Cephalum
848 1277 1046 1327 conplexa
1066 1283 1245 1325 teneres,

207 1339 422 1376 clamares:
454 1338 604 1376 “lente
626 1341 788 1384 currite,
810 1341 940 1375 noctis
961 1341 1053 1389 equi
1075 1338 1116 1376 !'’
1317 1339 1368 1376 40

153 1399 232 1437 Cur
253 1413 329 1450 ego
350 1399 505 1449 plectar
523 1412 676 1445 amans,
697 1402 728 1436 si
751 1402 809 1435 vir
830 1399 903 1436 tibi
923 1405 1078 1437 marcet
1097 1400 1148 1436 ab
1168 1401 1313 1438 annis?

207 1474 304 1498 num
326 1473 390 1497 me
412 1463 584 1510 nupsisti
606 1460 848 1497 conciliante
869 1461 986 1497 seni?

152 1521 328 1571 adspice,
350 1526 448 1571 quot
470 1534 629 1558 somnos
650 1523 785 1557 iuveni
808 1520 968 1558 donarit
988 1526 1123 1558 amato

208 1582 324 1619 Luna
342 1583 541 1631 l—neque
562 1581 668 1618 illius
689 1580 816 1618 forma
837 1581 1015 1618 secunda
1036 1587 1142 1621 tuae.

151 1646 237 1693 ipse
258 1642 381 1680 deum
404 1644 578 1692 genitor,
598 1655 648 1679 ne
670 1647 711 1679 te
732 1647 816 1678 tam
836 1654 957 1691 saepe
980 1641 1150 1688 videret,
1315 1644 1366 1681 45

207 1706 408 1741 commisit
428 1708 569 1740 noctes
590 1705 631 1739 in
652 1716 722 1739 sua
742 1707 834 1740 vota
855 1702 992 1740 duas.”

1320 553 1340 588 [v

1346 552 1368 588 vl

196 1775 206 1794 ¹
232 1775 276 1807 So
319 1774 465 1815 Withof:
506 1784 671 1816 sponsum
705 1774 820 1805 cultos
853 1774 904 1806 P:
946 1785 1110 1816 sponsum
1143 1775 1295 1807 consulti
1329 1788 1364 1808 s:

153 1830 319 1862 sponsum
337 1819 432 1849 cives
450 1819 532 1850 Pa.:
556 1822 664 1859 atque
683 1818 789 1850 vades
807 1829 973 1860 sponsum
990 1818 1118 1850 stultos
1135 1819 1230 1851 Ehw.

196 1864 209 1882 '²
232 1864 286 1902 31,
306 1863 348 1894 32
365 1862 504 1894 omitted
522 1863 564 1903 by
583 1863 639 1895 Ps
657 1877 663 1894 ε

327 1912 423 1954 quid,
444 1913 473 1943 si
490 1912 659 1954 Cephalio
676 1923 865 1954 numquam
884 1911 1049 1954 flagraret
1065 1916 1206 1945 amore?

371 1967 414 1988 an
431 1960 537 1998 putat
553 1957 708 1998 ignotam
728 1957 922 1998 nequitiam
939 1967 1013 1988 esse
1030 1967 1128 1988 suam
1142 1960 1155 1989 ‘3

194 2007 208 2028 3
232 2008 344 2039 mavis
362 2007 458 2038 Riese
476 2020 482 2039 :
508 2006 610 2037 malis
628 2006 754 2037 Aleria:
783 2007 892 2048 magis
911 2006 963 2038 P:
990 2006 1151 2038 manibus
1170 2021 1194 2039 5.

155 2072 231 2110 370
