1409 2282
654 48 794 85 OVID

124 157 304 203 protinus
325 154 495 190 abscissa
517 153 648 202 planxi
672 166 761 190 mea
782 158 945 202 pectora
966 158 1091 197 veste,

176 214 266 246 tuta
286 222 360 244 nec
381 222 404 244 a
423 208 560 257 digitis
581 221 647 244 ora
666 207 779 244 fuere
799 210 910 244 meis.

124 266 181 300 ire
202 266 357 299 animus
378 262 535 299 mediae
556 262 751 299 suadebat
771 264 812 298 in
831 264 992 311 agmina
1011 261 1152 298 turbae
1249 262 1321 297 155

177 322 363 366 sertaque
384 319 600 366 conpositis
620 316 782 353 demere
804 321 917 365 rapta
937 318 1082 359 comis3

124 374 188 407 vix
210 385 274 408 me
296 374 491 416 continui,
512 374 608 420 quin
629 373 683 407 sic
704 370 853 407 laniata
873 370 1036 419 capillos

178 426 390 462 clamarem
411 430 434 446 ‘⁶
447 439 559 462 meus
580 425 664 462 est!
681 425 701 436 ''
725 427 995 474 iniceremque
1017 437 1169 461 manus.

125 480 250 517 Laese
273 485 399 529 pater,
421 480 551 528 gaude
570 481 577 516 l
609 479 746 515 Colchi
766 478 941 528 gaudete
963 478 1091 515 relicti
1110 479 1116 515 !

178 534 341 571 inferias
362 535 525 570 umbrae
547 534 679 570 fratris
700 533 847 570 habete
868 536 947 569 mei
964 546 972 574 ;
1247 532 1322 569 160

124 589 286 626 deseror
305 591 457 625 amissis
478 602 603 638 regno
624 590 830 637 patriaque
852 587 1050 636 domoque

178 646 362 692 coniuge,
382 646 449 692 qui
469 644 583 679 nobis
603 645 736 678 omnia
755 642 860 678 solus
881 647 967 678 erat
985 642 991 677 ἱ

124 700 322 746 serpentis
343 700 466 746 igitur
486 700 598 746 potui
618 702 832 746 taurosque
853 695 1058 737 furentes;

180 765 303 788 unum
323 765 404 787 non
424 754 537 800 potui
558 751 830 800 perdomuisse
851 753 992 795 virum,

124 819 307 856 quaeque
329 805 434 842 feros
454 805 591 854 pepuli
611 805 740 842 doctis
760 805 1025 841 medicatibus
1046 807 1172 854 ignes,
1251 804 1325 841 165

178 874 259 896 non
279 860 391 896 valeo
411 860 587 896 flammas
608 859 783 908 effugere
805 862 889 908 ipsa
910 871 1028 895 meas.

124 917 199 963 ipsi
219 928 283 952 me
305 919 445 951 cantus
466 914 696 963 herbaeque
717 919 904 963 artesque
925 913 1160 962 relinquunt
1178 926 1187 957 ς

178 968 235 1005 1111
256 968 344 1014 dea,
365 968 421 1005 nil
445 968 624 1006 Hecates
645 981 754 1005 sacra
774 970 951 1016 potentis
971 973 1108 1016 agunt.

126 1036 208 1059 non
228 1022 326 1059 mihi
346 1028 460 1072 grata
480 1022 565 1059 dies
582 1036 590 1065 ;
620 1028 759 1059 noctes
780 1022 997 1071 vigilantur
1016 1034 1187 1066 amarae,

179 1083 222 1114 et
240 1082 359 1114 tener
378 1091 400 1113 a
419 1079 564 1114 misero
586 1082 749 1126 pectore
771 1089 932 1113 5011111115
952 1075 1065 1113 abit.1
1251 1074 1326 1113 170

125 1145 227 1181 quae
248 1145 313 1168 me
335 1145 415 1168 non
436 1144 610 1181 possum,
633 1134 745 1180 potui
767 1133 896 1180 sopire
917 1130 1156 1175 draconem3

182 1186 320 1223 utilior
340 1188 462 1222 cuivis
483 1199 603 1236 quam
621 1185 720 1221 mihi
741 1198 834 1221 cura
854 1198 943 1221 mea
964 1190 1036 1221 est.

125 1254 223 1290 quos
244 1254 319 1290 ego
339 1243 503 1285 servavi,
524 1240 665 1289 paelex
685 1239 944 1288 amplectitur
962 1244 1084 1284 artus,

181 1300 223 1331 et
242 1297 368 1331 nostri
388 1294 540 1331 fructus
562 1294 629 1330 illa
648 1294 793 1330 laboris
814 1293 947 1330 habet.

129 1349 309 1385 Forsitan
331 1354 385 1394 et,
406 1348 554 1385 stultae
575 1349 672 1385 dum
692 1353 734 1385 te
754 1351 902 1385 iactare
923 1350 1089 1384 maritae
1252 1345 1326 1384 175

180 1406 337 1453 quaeris
358 1408 399 1440 et
419 1405 576 1439 iniustis
596 1403 756 1439 auribus
776 1408 870 1451 apta
890 1402 1012 1451 loqui,

125 1460 167 1493 in
187 1457 330 1494 faciem
350 1470 560 1506 moresque
580 1470 690 1493 meos
710 1470 811 1493 nova
831 1459 995 1492 crimina
1015 1455 1150 1504 fingas.

180 1511 310 1548 rideat
331 1516 373 1548 et
393 1514 499 1547 vitiis
520 1511 626 1548 laeta
646 1514 697 1547 sit
717 1511 785 1546 illa
805 1513 904 1547 meis
922 1510 928 1546 ἔ

126 1565 256 1602 rideat
276 1570 318 1602 et
338 1565 457 1615 Tyrio
478 1568 606 1602 iaceat
626 1565 804 1601 sublimis
825 1567 865 1600 111
885 1569 1048 1601 ostro—-

177 1619 290 1656 flebit
309 1625 352 1656 et
370 1619 529 1656 ardores
548 1622 683 1656 vincet
702 1619 844 1655 adusta
862 1619 993 1655 meos!
1255 1617 1330 1654 180

126 1674 223 1710 dum
243 1673 394 1710 ferrum
415 1673 675 1724 flammaeque
696 1673 869 1710 aderunt
889 1686 1084 1722 sucusque
1106 1674 1264 1717 veneni,

181 1727 306 1764 hostis
328 1725 827 1779 Medeae'ffnullus'jnultus
848 1725 949 1779 erit]

170 1797 181 1816 ¹
205 1797 249 1828 So
279 1797 360 1828 Pa:
398 1808 460 1828 nec
492 1796 625 1837 tenllra
657 1798 782 1828 misero
811 1800 952 1838 pectore
977 1807 1117 1827 somnus
1142 1795 1250 1827 habet
1276 1795 1328 1827 P:

127 1851 190 1873 neo
207 1845 307 1872 tener
323 1840 367 1871 ah
382 1841 528 1872 miserae
545 1846 688 1882 pectora
705 1851 845 1872 somnus
862 1840 968 1871 habet
985 1851 1024 1871 ον
1038 1840 1104 1871 alit
1122 1839 1227 1871 Heia.

171 1914 189 1933 θ
206 1912 337 1945 Creusa
353 1912 422 1943 and
441 1912 500 1943 her
516 1912 634 1944 father
652 1912 722 1943 will
740 1913 850 1954 really
862 1912 905 1944 be
922 1911 1109 1944 consumed
1126 1912 1161 1942 in
1178 1911 1238 1943 the
1255 1910 1328 1949 fire,

127 1956 214 1988 with
232 1956 293 1988 the
309 1956 439 1998 palace.

132 2031 207 2068 154
