1445 2297
687 74 826 111 OVID

155 193 325 229 cumque
347 179 431 216 dics
453 183 550 217 caris
571 186 707 229 optata
728 181 960 229 parentibus
980 183 1115 225 instat,

208 239 430 276 inmodicus
450 243 599 289 pariter
619 243 791 289 corporis
811 240 927 276 ardor
946 240 1114 277 adest—

155 300 191 333 ei
212 298 322 344 mihi,
344 302 517 348 coniugii
537 304 697 349 tempus
718 299 888 336 crudelis
908 299 958 336 ad
980 303 1109 349 ipsum
1306 301 1355 337 45

212 357 466 408 Persephone
488 364 640 395 nostras
661 359 793 408 pulsat
812 360 955 396 acerba
974 359 1079 396 fores
1095 360 1101 396 !

155 420 231 454 13111
253 418 391 467 pudet,
414 424 455 455 et
476 422 610 463 timeo,
632 422 810 469 quamvis
830 419 926 455 mihi
948 423 1103 456 conscia
1124 433 1203 456 11011
1225 423 1310 466 sim,

208 478 376 515 offensos
397 478 532 515 videar
552 492 602 515 ne
624 481 813 515 meruisse
834 479 941 516 deos.

154 538 334 574 accidere
356 538 454 575 haec
474 538 615 588 aliquis
636 552 727 575 casu
749 539 971 584 contendit,
992 544 1034 575 at
1053 539 1156 576 alter

207 603 419 647 acceptum
439 601 591 648 superis
612 598 718 635 hunc
740 604 862 647 negat
883 612 968 635 esse
990 602 1116 635 virum
1133 612 1140 642 ;

154 670 256 694 neve
277 658 376 694 nihil
399 658 536 695 credas
557 661 597 694 in
618 664 660 695 te
681 671 839 708 quoque
860 658 994 695 dicere
1014 657 1172 704 famam,

207 717 313 754 facta
334 718 534 755 veneficiis
554 731 643 767 pars
664 723 781 767 putat
801 721 876 754 ista
896 721 985 755 tuis.

154 790 270 813 causa
289 777 403 823 latet,
424 777 528 814 mala
548 783 682 814 nostra
702 783 846 827 patent
864 791 872 821 ;
902 791 969 814 vos
989 791 1086 827 pace
1107 780 1276 815 movetis

206 850 346 886 aspera
366 838 549 874 submota
569 837 730 887 proelia,
752 837 906 886 plector
932 851 1007 887 ego
1025 838 1032 874 1

156 896 231 933 Dic
250 897 348 933 mihi
365 896 378 920 ¹
400 911 519 943 nunc,
541 897 737 948 solitoque
758 898 831 934 tibi
852 911 903 934 ne
924 898 1065 947 decipe
1086 911 1195 934 more
1215 911 1222 934 :
1307 898 1356 934 55

208 956 304 1006 quid
324 956 445 993 facies
466 957 569 1002 odio,
590 960 644 993 sic
665 958 732 993 ubi
752 971 886 994 amore
907 971 1027 994 noces
1044 959 1058 994 ἒ

154 1019 185 1053 si
205 1016 342 1062 laedis,
364 1017 470 1066 quod
491 1030 610 1062 amas,
631 1016 789 1054 hostem
811 1020 1014 1066 sapienter
1032 1018 1238 1054 amabis—-

207 1090 284 1121 me,
306 1090 458 1125 precor,
480 1082 525 1113 ut
545 1090 689 1122 serves,
711 1076 880 1126 perdere
901 1077 1005 1114 velle
1026 1077 1123 1114 velis
1141 1078 1148 1114 1

153 1142 222 1173 aut
242 1137 315 1173 tibi
336 1139 413 1172 13111
434 1137 544 1173 nulla
564 1142 626 1173 est
645 1142 827 1186 speratae
849 1151 940 1173 cura
960 1137 1130 1186 puellae,

207 1210 326 1246 quam
346 1196 454 1233 ferus
474 1197 640 1246 indigna
660 1198 753 1233 tabe
774 1200 903 1246 perire
925 1200 1032 1243 sinis,
1306 1198 1356 1235 60

153 1261 234 1301 aut,
256 1256 331 1293 dea
351 1259 383 1293 si
404 1256 549 1293 frustra
569 1270 641 1306 pro
660 1270 725 1293 me
746 1258 819 1293 tibi
840 1270 955 1293 saeva
974 1263 1149 1307 rogatur,

208 1316 304 1365 quid
325 1316 422 1352 mihi
443 1322 485 1353 te
506 1318 655 1353 iactas?
685 1319 813 1366 gratia
833 1317 942 1353 nulla
961 1323 1033 1358 tua
1052 1323 1113 1354 est
1131 1318 1137 1353 !

154 1375 272 1424 elige,
294 1376 390 1426 quid
411 1376 558 1425 fingas:
588 1390 669 1413 non
689 1380 746 1413 vis
767 1377 923 1426 placare
946 1377 1172 1414 Dianam—-

208 1432 404 1466 inmemor
424 1444 466 1467 es
486 1434 635 1475 nostri3
665 1444 745 1467 non
767 1431 1005 1481 potes—illa
1024 1434 1083 1468 tui
1105 1437 1166 1468 est
1184 1433 1190 1468 1

154 1483 228 1520 Vel
259 1498 476 1534 numquam
505 1485 667 1522 mallem
697 1485 759 1522 vel
789 1499 869 1521 non
895 1485 993 1522 mihi
1023 1491 1203 1536 tempore
1234 1489 1275 1522 in

261 1538 329 1574 illo
1306 1541 1355 1577 65

208 1597 314 1629 esset
334 1595 374 1628 in
395 1592 567 1642 Aegaeis
588 1596 747 1643 cognita
771 1593 893 1630 Delos
913 1596 1023 1643 aquis
1040 1595 1046 1630 !

153 1651 250 1682 tunc
270 1660 359 1683 11163
379 1647 526 1683 difficili
546 1647 721 1684 deducta
742 1653 803 1684 est
823 1661 995 1698 aequore
1016 1651 1138 1693 navis,

207 1705 249 1737 et
269 1700 345 1737 fuit
365 1701 414 1737 ad
436 1706 596 1750 coeptas
618 1701 713 1737 hora
733 1705 890 1738 sinistra
910 1705 1001 1739 vias.

153 1768 232 1804 quo
252 1755 356 1803 pede
377 1759 549 1804 processi
566 1757 572 1792 1
604 1769 682 1805 quo
702 1769 766 1792 me
788 1756 892 1805 pede
912 1756 1049 1793 limine
1070 1760 1174 1794 movi
1194 1758 1201 1793 !

206 1811 313 1858 picta
333 1812 435 1846 citae
456 1812 574 1859 tetigi
593 1823 671 1860 quo
691 1811 795 1859 pede
816 1816 927 1847 texta
948 1812 1064 1848 ratis!
1133 1852 1137 1856 ,
1305 1814 1355 1853 70

340 1885 349 1903 ¹
374 1885 486 1917 dicam
506 1886 624 1917 MSS:
650 1885 706 1917 dic
723 1889 757 1918 a!
777 1886 857 1918 Pas:
883 1885 938 1917 dic
956 1886 1040 1918 mihi
1060 1888 1156 1920 Bent.

541 1978 555 1991 α
581 1972 694 2014 Eager
710 1972 778 2003 and
796 1972 954 2014 spirited.

154 2035 228 2081 296
