1409 2282
666 85 806 123 OVID

131 205 197 229 me
218 205 391 242 quoque,
412 191 519 242 quod
540 193 676 227 monui
696 191 801 227 bene
822 190 949 227 multa
969 189 1154 235 fideliter,
1176 189 1262 226 odit
1280 202 1288 234 ;

187 246 262 283 1106
283 246 381 282 mihi
401 246 577 291 libertas,
599 245 674 281 hoc
695 248 758 294 pia
778 245 916 294 lingua
936 244 1060 281 dedit.

133 306 175 338 et
195 306 401 350 tamquam
421 300 568 345 desint,
590 313 691 349 quae
713 312 777 336 me
798 301 883 336 sine
905 298 983 335 fine
1004 298 1191 348 fatigent,

188 355 415 391 accumulat
436 368 547 391 curas
569 354 647 390 filia
668 367 787 403 parva
807 367 926 390 meas.

136 409 289 447 Ultima
310 415 355 446 tu
376 411 521 446 nostris
541 408 697 445 accedis
719 421 835 445 causa
855 407 1038 458 querelis.

189 466 424 515 non-agitur
443 468 566 500 vento
587 469 722 499 nostra
742 465 874 499 carina
894 476 974 499 suo.

136 531 244 564 ecce,
264 520 399 555 iacent
419 518 521 554 collo
542 520 664 566 sparsi
686 520 770 554 siue
792 517 883 566 lege
904 516 1049 566 capilli,

190 586 266 609 nec
286 575 433 621 premit
453 572 640 608 articulos
660 571 793 608 lucida
813 584 972 620 gemma
992 584 1102 607 meos
1121 583 1129 615 3

136 632 249 663 veste
269 632 386 676 tegor
406 626 486 671 vili,
506 626 662 662 nullum
684 631 745 662 est
765 629 806 662 in
827 626 1002 662 crinibus
1021 639 1174 671 aurum,

191 695 272 717 non
293 681 472 717 Arabum
492 686 629 717 noster
648 680 753 717 dona
773 680 939 729 capillus
959 680 1092 716 habet.

137 739 200 772 cui
221 735 326 772 colar
346 735 500 781 infelix,
520 741 590 772 aut
610 738 671 771 cui
692 735 887 784 placuisse
908 734 1085 771 laborem
1102 735 1115 771 ?

192 790 261 826 ille
282 793 362 826 mei
382 789 513 826 cultus
535 792 674 826 unicus
694 794 833 826 auctor
852 790 976 825 abest.

138 844 259 881 molle
280 858 415 881 meum
436 844 670 894 levibusque
692 857 758 880 cor
778 849 839 880 est
860 843 1043 880 violabile
1064 843 1169 889 telis,

194 904 236 935 et
257 912 416 948 semper
436 912 552 935 causa
572 904 646 943 est,
668 912 737 935 cur
758 911 833 947 ego
854 911 1013 947 semper
1032 911 1219 934 amem—-

139 956 221 990 sive
242 956 298 990 ita
319 956 500 990 nascenti
521 953 655 1002 legem
675 952 812 989 dixere
834 952 995 989 Sorores

194 1021 269 1044 nec
289 1008 383 1044 data
403 1013 497 1044 sunt
518 1010 622 1043 vitae
644 1007 707 1043 fila
728 1020 865 1043 severa
885 1020 1011 1052 meae,

140 1065 222 1099 sive
242 1063 395 1099 abeunt
416 1062 547 1098 studia
568 1064 608 1097 in
629 1074 772 1105 mores,
793 1064 969 1111 artisque
990 1063 1180 1110 magistra

194 1119 402 1166 ingenium
425 1117 538 1152 nobis
559 1116 679 1152 molle
700 1115 841 1152 Thalia
861 1115 967 1151 facit.

141 1171 238 1221 quid
257 1173 416 1216 mirum,
437 1173 467 1207 si
488 1184 552 1207 me
574 1173 725 1219 primae
745 1170 945 1219 lanuginis
965 1175 1075 1206 aetas

195 1225 375 1270 abstulit,
395 1230 517 1274 atque
538 1227 631 1260 anni
654 1238 751 1274 quos
772 1227 830 1260 vir
849 1237 981 1260 amare
1002 1225 1168 1273 potest?

141 1280 248 1316 hunc
269 1293 320 1316 ne
341 1293 412 1328 pro
433 1279 610 1328 Cephalo
630 1292 802 1328 raperes,
824 1278 990 1324 Aurora,
1010 1279 1259 1315 timebam—

196 1339 239 1371 et
257 1333 423 1379 faceres,
444 1333 514 1370 sed
534 1339 576 1370 te
597 1336 723 1382 prima
743 1336 881 1382 rapina
900 1338 1017 1369 tenet
1034 1333 1040 1368 !

142 1389 250 1425 hunc
272 1391 302 1425 si
324 1391 542 1437 conspiciat
562 1401 663 1437 quae
686 1390 880 1436 conspicit
900 1390 1033 1423 omnia
1055 1387 1230 1432 Phoebe,

197 1445 323 1479 iussus
344 1445 421 1479 erit
440 1456 599 1479 somnos
620 1444 854 1478 continuare
878 1441 1039 1486 Pha0n3

144 1497 251 1533 hunc
274 1497 410 1533 Venus
431 1499 471 1532 111
492 1496 647 1533 eaelum
668 1509 784 1532 curru
805 1499 979 1532 vexisset
999 1497 1164 1541 eburno,

198 1551 269 1588 sed
289 1551 401 1587 videt
422 1556 463 1587 et
485 1551 605 1587 Marti
627 1563 740 1599 posse
761 1550 920 1599 placere
941 1563 1021 1587 suo.

144 1619 167 1642 o
188 1618 263 1642 nec
283 1605 415 1642 adhuc
435 1607 602 1649 iuvenis,
624 1618 699 1641 nec
719 1607 797 1640 iam
817 1618 930 1653 puer,
951 1604 1060 1641 utilis
1080 1609 1203 1650 aetas,

199 1673 221 1696 o
242 1659 364 1696 decus
384 1665 505 1709 atque
526 1662 613 1695 aevi
642 1658 767 1708 gloria
787 1672 933 1708 magna
952 1661 1024 1704 tui,

145 1714 224 1751 huc
244 1714 340 1750 ades
361 1716 482 1763 inque
502 1716 622 1758 sinus,
644 1713 830 1758 formose,
850 1713 1030 1750 relabere
1052 1713 1230 1750 nostros!

200 1782 281 1804 non
302 1774 347 1804 ut
367 1781 475 1804 ames
496 1781 577 1813 om,
598 1764 736 1804 verum
758 1773 801 1804 ut
821 1781 955 1804 amere
975 1770 1090 1805 sinas.

146 1822 376 1868 Scribimus,
398 1827 439 1859 et
459 1822 630 1858 lacrimis
651 1822 755 1858 oculi
775 1827 959 1858 rorantur
979 1822 1152 1865 obortis3

200 1877 374 1926 adspice,
395 1890 514 1926 quam
535 1879 586 1913 sit
607 1879 647 1912 in
668 1876 743 1912 hoc
764 1876 890 1912 multa
911 1876 1030 1912 litura
1049 1875 1136 1912 loco
1156 1876 1163 1911 1

154 2062 226 2098 186

672 2006 687 2019 ‘¹
711 1999 812 2031 Cleis.

1291 351 1339 390 70

1293 624 1341 662 75

1294 897 1344 933 80

1298 1441 1348 1478 90

1299 1713 1348 1749 95
