1409 2282
677 84 816 122 OVID

145 191 308 228 Scilicet
328 193 515 227 interitus
535 189 748 226 offenderis
768 192 901 225 omine
922 192 1059 234 nostri,

198 251 414 300 litteraque
436 253 560 286 invisa
581 255 643 286 est
664 249 736 285 hac
757 262 845 286 mea
866 254 979 298 parte
1000 250 1084 285 tibi.

144 311 457 360 desino—parce
478 313 591 359 queri
609 311 615 346 ἔ
648 309 718 346 sed
739 315 784 346 ut
804 314 847 346 et
865 322 973 345 mare
995 309 1106 346 finiat
1125 311 1235 354 iram,

197 370 404 416 accedant,
425 383 584 420 quaeso,
605 369 667 405 fac
687 375 756 406 tua
777 374 867 405 vota
886 372 995 406 meis.

143 445 241 482 pace
262 432 372 467 brevi
393 431 506 466 nobis
527 443 625 479 opus
645 435 719 475 est,
740 429 836 466 dum
856 428 1074 465 transferor
1093 431 1169 465 isto
1187 441 1195 472 ;
1272 428 1347 464 205

198 505 290 528 cum
309 496 379 528 tua
399 493 606 540 contigero
626 490 754 535 litora,
776 494 931 538 perstet
951 489 1130 538 hiemps!

143 554 232 588 istic
253 556 315 588 est
334 556 474 600 aptum
494 555 653 587 nostrae
675 549 814 586 navale
836 552 1005 595 carinae,

198 617 241 648 et
260 611 403 648 melius
434 610 543 646 nulla
563 615 644 647 stat
663 623 752 646 mea
772 612 917 659 puppis
937 623 1048 659 aqua.

143 672 225 708 illic
245 685 310 708 me
331 671 491 708 claudat
512 670 670 715 Boreas,
692 671 759 707 ubi
779 669 897 706 dulce
918 672 1061 706 morari
1083 669 1167 706 est!

197 737 295 768 tunc
315 734 430 780 piger
448 730 499 767 ad
519 730 710 775 nandum,
731 735 828 767 tunc
851 743 926 779 ego
947 735 1086 767 cautus
1106 742 1186 773 ero,
1271 729 1348 765 :210

143 804 219 828 nec
240 791 382 827 faciam
404 790 532 827 surdis
552 793 729 827 convicia
749 790 934 827 fluctibus
964 790 1044 826 ulla

196 854 313 888 triste
334 856 521 888 nataturo
540 864 616 887 nec
636 863 779 900 querar
799 863 885 888 esse
906 849 1066 887 fretum.

143 925 207 948 me
228 914 378 961 pariter
399 914 510 947 venti
530 916 700 947 teneant
719 914 931 960 tenerique
952 910 1104 955 lacerti,

196 985 269 1021 per
288 984 423 1008 causas
439 973 527 1007 istic
548 970 809 1020 inpediarque
830 971 927 1007 duas
943 971 950 1006 Ῐ

143 1031 242 1068 Cum
264 1034 440 1080 patietur
460 1030 629 1079 hiemps,
651 1033 769 1067 remis
790 1043 866 1080 ego
886 1032 1060 1078 corporis
1080 1034 1170 1066 utar
1186 1044 1194 1076 ;
1270 1029 1345 1065 215

196 1091 334 1128 lumen
354 1094 395 1127 in
415 1091 610 1140 adspectu
631 1096 675 1127 tu
696 1090 815 1127 modo
835 1103 993 1139 semper
1012 1089 1115 1126 habe
1134 1090 1140 1126 !

141 1154 297 1188 interea
317 1164 388 1201 pro
408 1164 472 1187 me
494 1156 707 1200 pernoctet
726 1150 898 1200 epistula
918 1155 1066 1194 tecum,

197 1225 315 1261 quam
337 1224 477 1260 precor
497 1217 543 1248 ut
562 1213 727 1247 minima
747 1224 962 1260 prosequar
981 1213 1066 1259 ipse
1086 1223 1195 1246 mora
1213 1210 1220 1246 !

696 1419 796 1457 XIX

577 1509 697 1545 Hssno
719 1507 914 1547 LEANDRO

142 1597 274 1644 Quam
293 1597 393 1633 mihi
412 1599 554 1634 misisti
574 1597 716 1641 verbis,
740 1595 938 1641 Leandre,
959 1594 1129 1631 salutem

193 1657 240 1689 ut
259 1655 405 1701 possim
425 1654 586 1688 missam
605 1652 724 1687 rebus
746 1650 907 1695 habere,
929 1649 1044 1686 veni!

141 1707 262 1755 longa
282 1719 391 1742 mora
412 1711 474 1742 est
493 1706 606 1742 nobis
628 1707 768 1750 omnis,
790 1717 891 1753 quae
912 1703 1058 1753 gaudia
1077 1702 1220 1740 differt.

194 1760 245 1797 da
264 1763 422 1796 veniam
442 1759 568 1796 fassae
584 1773 592 1803 ;
622 1773 702 1795 11011
722 1761 925 1808 patienter
943 1770 1033 1794 amo
1050 1758 1057 1794 l

140 1817 291 1851 urimur
310 1817 404 1863 igne
425 1817 522 1863 pari,
543 1813 613 1850 sed
634 1827 721 1850 sum
740 1813 814 1849 tibi
834 1812 981 1848 viribus
1001 1814 1138 1861 inpar:
1322 1811 1344 1847 5

194 1868 336 1905 fortius
356 1871 563 1917 ingenium
585 1870 761 1916 suspicor
781 1879 866 1903 esse
887 1869 988 1902 viris.

140 1927 186 1959 ut
206 1935 361 1971 corpus,
380 1925 531 1959 teneris
551 1925 606 1958 ita
626 1934 739 1967 mens
759 1920 913 1957 infirma
933 1919 1129 1969 puellis—-

194 1976 389 2022 deficiam,
410 1979 518 2026 parvi
538 1979 729 2025 temporis
749 1975 852 2011 adde
873 1987 1023 2010 moram
1040 1975 1047 2010 Σ

144 2049 218 2098 258
