1409 2282
690 57 829 94 OVID

159 161 310 199 lumina
330 162 505 199 custodis
525 163 784 199 succumbere
805 165 939 199 nescia
957 175 1108 208 somno,

213 222 378 259 ultimus
400 228 461 259 est
481 222 612 272 aliqua
632 222 820 271 decipere
842 227 927 259 arte
948 222 1068 259 labor.
1309 222 1359 258 50

161 282 330 319 Dixerat
351 282 501 319 Aeetes
520 295 528 326 3
556 285 699 319 maesti
720 285 958 331 consurgitis
979 295 1130 328 omnes,

213 355 430 392 mensaque
451 355 671 391 purpureos
691 342 843 379 deserit
863 342 943 379 alta
963 347 1080 379 toros.

159 416 277 452 quam
299 403 373 439 tibi
393 407 491 439 tunc
512 402 632 452 longe
653 415 823 452 regnum
845 402 978 439 dotale
1000 403 1171 439 Creusae

213 467 255 499 et
276 476 387 499 socer
408 467 450 499 et
469 465 605 512 magni
626 467 720 499 nata
741 462 924 499 Creontis
946 464 1061 499 erat?

158 525 283 560 tristis
303 523 411 567 abis;
440 523 563 560 oculis
584 524 802 560 abeuntem
823 536 1041 572 prosequor
1060 522 1161 569 udis,

212 588 254 619 et
274 582 377 619 dixit
397 585 511 620 tenui
531 596 733 620 murmure
755 582 914 632 lingua:
955 587 979 603 “
991 582 1078 620 vale
1095 583 1102 619 !
1121 583 1140 594 ''

159 648 203 679 ut
224 646 398 692 positum
418 646 538 693 tetigi
558 643 735 680 thalamo
755 643 859 680 male
882 646 1012 680 saucia
1032 643 1196 689 lectum,

211 708 300 739 acta
321 708 382 740 est
402 716 474 752 per
494 703 673 740 lacrimas
694 716 773 739 nox
793 702 904 748 mihi,
925 708 1075 752 quanta
1094 703 1171 740 fuit
1189 716 1198 747 ;

156 768 251 800 ante
273 763 407 800 oculos
428 766 612 813 taurique
633 774 743 800 meos
764 768 1004 813 segetesque
1026 763 1238 810 nefandae,

210 829 305 860 ante
325 837 435 860 meos
455 823 589 860 oculos
610 823 779 873 pervigil
799 826 940 873 anguis
962 829 1057 860 erat.
1308 824 1358 861 60

156 883 250 920 111110
288 897 410 929 amor,
442 883 535 920 111110
567 887 686 921 timor
725 889 810 927 est;
840 886 969 933 ipsum
1008 887 1127 920 timor
1165 889 1287 933 auget

264 957 451 981 amorem.

209 1017 327 1040 mane
350 1009 448 1050 erat,
471 1009 513 1041 et
533 1003 710 1040 thalamo
731 1017 820 1040 cara
840 1009 1002 1053 recepta
1024 1017 1132 1040 soror

154 1063 444 1114 disiectamque
467 1078 598 1101 comas
619 1064 863 1114 adversaque
880 1064 893 1087 1
915 1067 956 1100 in
977 1077 1042 1100 ora
1063 1067 1263 1101 iacentem

209 1126 378 1169 invenit,
400 1130 442 1161 et
462 1124 633 1160 lacrimis
655 1127 788 1160 omnia
808 1124 928 1173 plena
946 1127 1056 1161 meis.

153 1189 240 1220 orat
261 1197 379 1233 opem
402 1184 561 1234 Minyis.
594 1184 697 1220 alter
718 1187 835 1233 petit,
856 1184 958 1220 alter
978 1184 1144 1221 habebit
1162 1197 1170 1227 ;
1186 1183 1201 1207 2
1305 1185 1354 1221 65

207 1244 383 1281 Aesonio
404 1247 538 1281 iuveni
559 1244 665 1294 quod
687 1249 802 1293 rogat
821 1244 901 1289 illa,
921 1244 1071 1280 danius.

154 1304 228 1341 Est
248 1317 389 1341 nemus
411 1310 453 1341 et
475 1307 598 1353 piceis
619 1309 661 1341 et
682 1304 889 1341 frondibus
910 1304 1010 1341 ilicis
1031 1310 1187 1348 atrum3

206 1367 271 1400 vix
292 1364 386 1401 illuc
407 1364 526 1401 radiis
547 1364 639 1401 solis
659 1364 769 1401 adire
790 1364 896 1401 licet.

151 1430 246 1461 sunt
265 1427 307 1461 in
328 1424 593 1461 eo—fuerant
613 1424 947 1461 certe—delubra
969 1424 1122 1461 Dianae
1140 1437 1148 1468 ;

205 1498 325 1521 aurea
344 1485 547 1521 barbarica
568 1489 648 1521 stat
668 1484 743 1521 dea
764 1484 870 1520 facta
898 1497 1028 1520 manu.
1307 1483 1356 1522 ’ΐΟ

151 1545 312 1581 noscis?
342 1558 393 1581 an
414 1544 652 1581 exciderunt
672 1557 831 1581 mecum
851 1544 964 1580 loca?
994 1547 1175 1581 venimus
1195 1544 1299 1581 illuc.

205 1618 316 1641 orsus
339 1618 380 1642 es
401 1604 523 1641 infido
544 1607 598 1641 sic
619 1607 725 1654 prior
745 1617 812 1641 ore
833 1604 940 1654 loqui
957 1617 964 1640 :

152 1667 249 1701 “ius
270 1665 344 1701 tibi
365 1670 407 1702 et
427 1665 636 1701 arbitrium
656 1670 816 1701 nostrae
837 1664 998 1701 fortuna
1018 1664 1156 1701 salutis

205 1724 387 1771 tradidit,
408 1727 530 1775 inque
552 1730 621 1761 tua
643 1730 704 1761 est
725 1727 885 1774 vitaque
906 1738 1092 1774 morsque
1112 1738 1243 1761 manu.

1309 523 1331 559 ϋι

1337 523 1358 559 O(

194 1802 205 1822 ¹
229 1802 445 1845 adversaque
471 1804 541 1835 PG
555 1818 577 1834 ω
589 1803 690 1834 liserk
699 1802 811 1834 Elium
843 1813 1034 1844 aversaque
1059 1803 1085 1835 V
1098 1816 1112 1835 ς
1125 1803 1245 1835 Burm.
1261 1803 1350 1835 Secu.

193 1845 207 1865 ²
230 1847 272 1879 So
293 1847 337 1888 P2
355 1847 462 1879 δεῖξαι
487 1847 581 1888 petit
603 1846 716 1878 altera
732 1850 768 1878 et
791 1846 904 1878 altera
920 1846 1065 1878 habebit
1082 1847 1128 1888 P2
1141 1847 1168 1878 G
1185 1860 1198 1878 ς
1216 1847 1354 1880 Barna:

151 1891 244 1932 petit
260 1890 373 1922 altera
389 1895 425 1922 et
441 1890 553 1922 altera
570 1890 722 1921 habebat
739 1904 761 1922 ω
772 1889 879 1922 Jahn.

627 1974 644 1988 α
666 1967 862 2010 Chalciope.

158 2015 230 2061 146
