1445 2297
708 76 848 113 OVID

175 183 351 218 crinibus
372 184 573 231 insignem
594 184 681 231 quis
701 187 819 218 acuta
839 182 1003 231 cuspide
1028 182 1235 219 Phoebum

229 251 415 293 instruat,
437 249 608 284 Aoniam
631 248 762 284 Marte
783 254 972 285 movente
992 248 1119 298 lyram
1136 249 1150 284 ?

176 319 271 350 sunt
290 315 365 350 tibi
386 327 545 363 magna,
567 327 679 363 puer,
701 317 949 364 nimiumque
970 317 1155 363 potentia
1175 327 1300 364 regna
1318 327 1326 358 3

231 393 300 416 cur
321 393 419 429 opus
440 379 632 425 adfectas,
653 380 876 425 ambitiose,
899 381 1074 416 novum?

176 459 240 491 an,
271 445 378 495 quod
407 446 568 495 ubique,
595 451 711 482 tumn
741 447 830 482 est?
869 451 939 482 tua
965 451 1059 482 sunt
1088 445 1301 482 Heliconia

284 517 422 561 tempe
437 513 451 548 ?
1333 511 1381 548 15

232 580 296 613 vix
319 580 441 613 etiam
464 577 626 614 Phoebo
647 580 725 613 iam
745 577 828 627 lyra
849 582 938 614 tuta
958 590 1028 613 sua
1049 579 1138 614 est?

178 656 269 679 cum
290 643 394 679 bene
416 645 587 679 surrexit
608 656 723 680 versu
745 656 844 679 nova
867 646 1013 692 pagina
1034 646 1175 692 primo,

232 714 420 746 attenuat
440 722 582 745 nervos
604 712 807 758 proximus
828 709 896 745 ille
917 722 1027 746 meos
1048 722 1056 753 ;

178 785 253 808 nec
274 772 372 808 mihi
392 775 560 808 materia
581 778 643 809 est
664 775 840 809 numeris
860 772 1074 808 levioribus
1094 777 1201 821 apta,

231 840 301 871 aut
322 848 422 884 puer
441 841 511 872 aut
530 835 670 884 longas
692 840 853 884 compta
872 835 1007 884 puella
1027 835 1196 871 eomas.”
1329 835 1379 871 20

179 897 356 943 Questus
378 911 498 943 eram,
520 898 709 947 pharetra
730 912 821 934 cum
841 901 1023 947 protinus
1044 898 1111 934 ille
1133 897 1261 934 soluta

233 961 334 1011 legit
355 964 396 997 in
418 964 586 998 exitium
608 961 760 1011 spicula
780 960 885 998 facta
906 961 1056 1007 meum,

178 1024 413 1074 lunavitque
435 1038 543 1074 genu
565 1027 770 1061 sinuosum
790 1023 951 1060 fortiter
970 1037 1119 1069 arcum,

236 1087 402 1137 “quod'’
426 1101 503 1137 que
526 1092 689 1133 “c-anas,
703 1093 825 1132 vates,
839 1087 1005 1136 accipe’'
1028 1087 1130 1123 dixit
1146 1087 1325 1136 “opus!”

180 1150 248 1186 Me
270 1153 459 1187 miserum
478 1151 485 1186 1
517 1156 647 1187 certas
667 1150 809 1187 habuit
829 1163 929 1199 puer
949 1150 1016 1186 ille
1038 1153 1215 1199 sagittas.
1332 1150 1380 1186 25

233 1226 336 1258 uror,
359 1219 401 1250 et
421 1216 461 1249 in
483 1227 607 1250 vacuo
627 1219 792 1262 pectore
813 1218 958 1263 regnat
980 1213 1116 1249 Amor.
1167 1254 1171 1255 ⁷

179 1275 258 1312 Sex
279 1275 377 1312 mihi
402 1281 540 1325 surgat
560 1289 659 1325 opus
680 1279 870 1321 numeris,
891 1279 933 1311 in
953 1278 1132 1325 quinque
1154 1275 1327 1312 residat:

232 1338 362 1375 ferrea
383 1353 473 1376 cum
494 1342 635 1376 vestris
656 1339 761 1376 bella
781 1339 913 1376 valete
933 1339 1061 1375 modis
1079 1340 1085 1375 l

178 1404 340 1450 cingere
362 1402 503 1438 litorea
523 1402 709 1439 flaventia
728 1407 911 1451 tempora
930 1407 1075 1452 myrto,

236 1465 363 1510 Musa,
385 1479 457 1514 per
478 1465 660 1502 undenos
682 1465 951 1502 emodulanda
970 1465 1095 1514 pedes
1112 1465 1118 1500 Ῐ
1331 1464 1381 1500 30

762 1605 802 1641 ΙΙ

179 1692 275 1728 EssE
296 1692 391 1743 quid
412 1693 487 1729 hoc
508 1692 650 1738 dicam,
672 1692 779 1742 quod
799 1697 882 1728 tam
902 1691 1000 1727 mihi
1021 1691 1119 1727 dura
1140 1690 1328 1726 videntur

233 1761 369 1801 strata,
391 1769 523 1805 neque
544 1759 586 1791 in
607 1755 713 1792 lecto
734 1755 854 1804 pallia
875 1760 1009 1791 nostra
1030 1753 1187 1797 sedent,

180 1823 222 1854 et
242 1832 387 1855 vacuus
409 1832 546 1855 somno
568 1824 743 1864 noctem,
763 1832 882 1868 quani
903 1818 1036 1866 longa,
1057 1819 1208 1866 peregi,

234 1880 414 1930 lassaque
436 1884 580 1917 versati
602 1884 775 1930 corporis
796 1894 882 1917 ossa
902 1880 1070 1916 dolent?

183 2066 203 2101 (α.)

212 2066 228 2088 ι.)

236 2066 258 2088 0
