1445 2297
687 65 828 103 OVID

154 174 214 210 bis
234 178 372 209 tamen
391 172 557 209 adverso
578 171 787 208 redierunt
806 172 966 208 carbasa
986 176 1162 207 vento—-

208 241 394 283 mentior,
415 252 438 274 a
458 238 625 274 demens
642 238 649 274 1
681 237 748 274 ille
770 236 969 274 secundus
990 236 1098 273 erat!

154 305 222 342 ille
243 304 442 342 secundus
464 309 549 340 erat
570 306 637 354 qui
657 317 722 340 me
742 302 945 340 referebat
965 307 1144 347 euntem,

209 372 357 420 quique
378 382 517 419 parum
539 368 635 405 felix
655 367 890 417 inpediebat
910 370 997 404 iter.

154 442 276 486 atque
298 438 451 472 utinam
472 439 658 471 constans
680 439 818 470 contra
837 446 927 470 mea
947 433 1034 469 vela
1055 432 1250 470 fuisset—
1312 431 1360 470 75

210 502 280 538 sed
301 501 471 538 stultum
492 506 554 537 est
574 503 685 537 venti
705 500 756 536 de
776 499 942 536 levitate
963 501 1086 549 queri.

158 568 270 605 Mota
290 567 366 604 loci
386 566 490 603 fama
510 567 773 616 properabam
793 568 920 601 visere
941 564 1074 601 Delon

211 640 253 671 et
273 633 404 670 facere
425 636 568 683 ignava
587 646 722 682 puppe
743 632 907 668 videbar
927 634 1014 668 iter.

156 712 277 748 quam
297 711 416 747 saepe
438 702 483 733 ut
503 696 627 733 tardis
648 695 727 732 feci
748 697 924 731 convicia
945 697 1076 739 remis,

211 767 432 812 questaque
454 773 541 797 sum
561 764 683 796 vento
702 759 829 795 lintea
848 772 965 808 parca
986 758 1093 795 dari!
1313 757 1363 793 80

158 830 201 862 et
220 827 299 861 iam
319 826 556 860 transieram
580 822 796 872 Myconon,
818 824 896 857 iam
917 821 1059 858 Tenon
1081 825 1123 857 et
1144 819 1326 865 Andron,

212 891 333 937 inque
355 889 454 923 meis
475 886 598 922 oculis
620 885 790 922 candida
811 884 935 921 Delos
957 889 1066 927 erat;

164 964 284 1001 quam
304 949 442 999 procul
464 954 509 986 ut
529 948 622 994 vidi,
646 952 670 968 “
683 947 779 998 quid
799 961 864 984 me
885 946 1003 997 fugis,
1024 946 1191 992 insula,”
1215 946 1309 992 dixi,

215 1013 395 1050 “laberis
416 1015 457 1048 in
477 1024 624 1061 magno
645 1010 854 1060 numquid,
876 1015 921 1047 ut
941 1015 1049 1056 ante,
1071 1012 1170 1046 mari
1187 1010 1201 1045 ?
1217 1009 1236 1021 '’

162 1077 396 1113 Institeram
416 1080 561 1120 terrae,
584 1088 675 1111 cum
695 1076 774 1110 iam
794 1086 918 1123 prope
939 1072 1028 1109 luce
1050 1077 1212 1122 peracta
1315 1072 1364 1108 85

214 1140 378 1177 demere
398 1140 609 1189 purpureis
630 1137 687 1174 sol
708 1140 801 1186 iuga
821 1136 945 1173 vellet
967 1139 1090 1186 equis.

161 1217 260 1254 quos
280 1203 389 1240 idem
410 1201 547 1238 solitos
567 1206 780 1250 postquam
801 1202 1002 1236 revocavit
1021 1199 1072 1235 ad
1093 1203 1215 1244 ortus,

216 1271 430 1303 comuntur
449 1270 609 1301 nostrae
629 1269 758 1300 matre
779 1263 946 1299 iubente
967 1275 1115 1313 comae.

161 1333 245 1380 ipsa
265 1329 380 1366 dedit
400 1341 579 1378 gemmas
599 1327 736 1376 digitis
758 1331 800 1363 et
820 1327 993 1362 crinibus
1013 1338 1166 1370 aurum,

216 1398 258 1430 et
279 1397 410 1429 vestes
431 1393 578 1428 umeris
599 1390 732 1426 induit
752 1392 836 1439 ipsa
856 1391 966 1425 meis.
1316 1387 1366 1424 90

162 1459 344 1507 protinus
365 1467 549 1504 egressae
571 1455 736 1503 superis,
758 1453 901 1502 quibus
921 1451 1050 1488 insula
1071 1464 1179 1488 sacra
1201 1450 1293 1497 est,1

218 1519 316 1556 flava
336 1518 518 1555 salutatis
539 1522 629 1553 tura
648 1528 885 1565 merumque
906 1515 1046 1551 damus
1065 1527 1073 1558 ;

164 1583 341 1632 dumque
363 1593 507 1630 parens
528 1592 613 1615 aras
634 1581 767 1615 votivo
788 1580 983 1627 sanguine
1004 1580 1140 1626 tingit,

218 1645 402 1694 festaque
423 1643 588 1680 fumosis
608 1644 758 1691 ingerit
779 1646 871 1678 exta
892 1640 1001 1686 focis,

165 1708 304 1746 sedula
323 1720 388 1744 me
410 1709 545 1743 nutrix
565 1705 660 1742 alias
681 1717 839 1754 quoque
861 1703 973 1740 ducit
992 1706 1034 1739 in
1054 1703 1187 1748 aedes,
1319 1703 1367 1739 95

220 1783 477 1820 erramusque
498 1782 598 1818 vago
619 1781 691 1817 per
710 1767 796 1803 loca
816 1780 924 1803 saera
944 1766 1059 1815 pede.

167 1839 209 1871 et
228 1833 348 1870 modo
368 1832 586 1882 porticibus
608 1833 756 1880 spatior
775 1829 894 1865 modo
914 1842 1080 1865 munera
1102 1841 1242 1878 regum

220 1900 341 1933 miror
365 1900 406 1932 et
427 1898 468 1931 in
489 1896 643 1930 cunctis
665 1895 812 1930 stantia
833 1895 945 1941 signa
965 1891 1061 1928 loeis
1081 1904 1089 1936 ;

570 1978 581 1997 1
605 1982 707 2020 grata
723 1981 777 2009 est
794 1977 850 2009 Ps
867 1977 964 2008 Bene.

172 2046 245 2092 298
