1445 2297
691 81 831 119 OVID

158 202 265 225 1111116
285 191 405 225 timor
424 187 593 232 accedit,
615 201 666 224 ne
687 190 774 237 quis
795 190 869 224 nisi
890 191 1045 224 conseia
1066 190 1201 225 nutrix

213 259 399 309 colloquii
420 260 533 296 nobis
554 261 703 296 sentiat
724 272 809 296 esse
831 262 946 296 vices.

158 337 253 368 ante
267 330 372 367 fores
385 330 501 367 sedet
517 330 616 367 haec
630 331 725 381 quid
739 345 935 382 agamque
950 333 1182 381 rogantibus
1199 335 1319 378 intus,

213 408 258 439 ut
279 405 426 451 possim
445 407 536 438 tuto
556 403 741 447 scribere,
765 406 788 422 “
800 402 986 448 d0r1nit,’‘
1007 405 1074 439 ait.

158 487 263 519 moX,
286 474 365 519 ubi,
388 476 533 510 secreti
553 473 664 523 longi
686 487 801 510 causa
822 476 984 523 optima,
1006 487 1166 511 somnus

213 544 414 581 credibilis
434 544 547 581 tarda
568 544 717 581 desinit
738 558 823 581 esse
844 558 966 590 mora,

1316 403 1365 439 20

159 619 317 666 iamque
339 618 475 652 venire
496 616 607 652 videt
627 630 724 666 quos
744 630 825 652 non
845 616 1060 653 admittere
1082 616 1225 653 durum
1247 622 1320 663 est,

215 692 376 724 excreat
397 692 438 723 et
458 686 549 723 fieta
569 686 638 723 dat
659 687 756 722 mihi
777 690 889 735 signa
909 692 1014 723 nota.

160 761 262 795 sieut
284 763 410 803 erant,
431 771 648 807 properans
669 758 788 794 verba
809 757 1032 807 inperfecta
1053 758 1248 808 relinquo,

215 836 257 867 et
277 833 430 879 tegitur
450 830 609 879 trepido
629 829 765 866 littera
786 835 928 879 coepta
941 829 955 853 1
977 833 1075 867 sinu.

161 901 255 938 inde
276 915 386 937 meos
407 901 553 950 digitos
575 904 722 937 iterum
743 904 914 950 repetita
936 901 1079 951 fatigat
1096 915 1104 946 ;

216 978 389 1023 quantus
410 975 461 1009 sit
481 973 594 1009 nobis
615 972 784 1022 adspicis
805 975 888 1022 ipse
909 972 1029 1009 labor.

161 1058 239 1095 quo
260 1057 422 1094 peream
443 1047 474 1080 si
495 1044 640 1093 dignus
661 1057 759 1090 eras,
780 1049 825 1081 ut
846 1057 937 1081 vera
957 1044 1188 1095 loquamur3

216 1116 285 1153 sed
307 1115 448 1152 melior
468 1118 572 1152 iusto
593 1128 792 1165 quamque
813 1119 977 1152 mereris
999 1129 1084 1166 ego.

164 1189 270 1238 Ergo
290 1193 332 1225 te
353 1193 519 1238 propter
539 1191 689 1224 totiens
710 1190 863 1224 ineerta
884 1188 1021 1224 salutis

217 1256 455 1290 commentis
476 1266 623 1302 poenas
644 1253 776 1303 doque
796 1253 970 1303 dedique
991 1255 1098 1291 tuis?

163 1320 263 1356 haec
284 1320 397 1356 nobis
418 1319 568 1355 formae
589 1324 631 1356 te
652 1319 858 1356 laudatore
880 1320 1075 1369 superbae

219 1387 420 1434 contingit
435 1397 588 1421 merces
603 1385 616 1420 Ρ
648 1389 690 1420 et
709 1383 904 1433 placuisse
925 1391 1045 1422 nocet
1060 1386 1073 1421 Ρ

164 1454 195 1488 51
216 1451 289 1487 tibi
311 1449 515 1495 deformis,
536 1450 643 1500 quod
663 1449 838 1493 mallem,
860 1453 941 1486 visa
962 1449 1137 1497 fuissem,

220 1516 425 1566 culpatum
446 1516 555 1552 nulla
576 1529 717 1565 corpus
739 1521 879 1565 egeret
899 1530 974 1566 ope
992 1530 1000 1561 ;

164 1596 271 1619 nunc
291 1582 453 1619 laudata
473 1595 604 1631 gemo,
626 1595 732 1618 1111116
752 1594 816 1618 1116
838 1585 1056 1619 certamine
1077 1588 1210 1620 vestro

219 1648 399 1697 perditis,
421 1653 462 1684 et
482 1650 641 1697 proprio
662 1647 848 1684 vulneror
868 1650 952 1697 ipsa
972 1649 1087 1685 bono.

167 1714 263 1751 dum
284 1727 416 1764 neque
436 1719 481 1750 tu
503 1713 623 1758 cedis,
646 1726 720 1749 1166
742 1726 783 1749 56
804 1718 921 1762 putat
941 1713 1008 1750 ille
1029 1715 1262 1760 sec-undum,

219 1786 264 1817 tu
286 1783 387 1816 votis
409 1781 541 1816 obstas
563 1779 679 1823 illius,
702 1772 768 1815 ille
790 1782 879 1815 tuis.

166 1850 250 1896 ipsa
272 1845 382 1882 velut
403 1848 512 1882 navis
533 1848 658 1881 iactor
678 1858 797 1894 quam
818 1850 950 1881 certus
972 1848 1011 1881 in
1032 1846 1158 1883 altum

220 1911 409 1961 propellit
432 1910 588 1956 Boreas,
609 1916 742 1947 aestus
764 1916 806 1947 et
826 1911 933 1947 unda
953 1910 1089 1957 refert,

471 1989 481 2008 ¹
506 1991 610 2021 cauta
629 1988 747 2021 MSS:
773 1993 897 2030 coepta
914 1989 1065 2030 Dilthey.

172 2065 248 2100 294

1317 760 1365 796 25

1318 1117 1368 1154 30

1320 1453 1369 1488 35

1321 1782 1371 1818 40
