1445 2297
669 90 809 128 OVID

137 197 403 247 inplicuitque
425 211 514 234 suos
535 200 683 234 circum
704 211 793 233 inea
813 197 913 233 colla
935 197 1104 234 lacertos

190 266 244 306 et,
266 275 368 310 quae
388 274 453 297 ine
474 260 664 310 perdunt,
686 261 819 297 oscula
840 260 950 297 mille
971 260 1096 297 dedit.

139 326 285 368 vincor,
307 329 350 360 et
369 326 577 372 ingenium
599 326 768 372 sumptis
789 328 998 360 revocatur
1017 323 1066 359 ab
1087 325 1218 368 armis,

192 399 334 436 resque
356 386 463 422 domi
484 392 619 435 gestas
641 391 683 423 et
703 399 793 422 mea
813 386 919 422 bella
940 399 1049 421 cano.

139 448 305 498 Sceptra
324 454 461 485 tamen
483 452 645 498 sumpsi,
666 462 839 498 curaque
861 448 1067 498 tragoedia
1088 454 1224 486 nostra

192 514 330 557 crevit,
352 517 394 549 et
415 511 506 548 huic
528 514 638 561 operi
660 512 882 561 quamlibet
902 517 1020 560 aptus
1042 524 1161 548 eram.

138 576 224 611 risit
245 574 369 611 Amor
389 574 615 625 pallamque
636 588 767 612 meam
787 577 995 624 pictosque
1016 574 1233 611 cothurnos

193 642 431 687 sceptraque
452 641 606 686 privata
626 643 710 674 tam
731 640 810 674 cito
831 643 989 687 sumpta
1009 651 1140 674 manu.

138 699 232 736 hinc
252 714 410 750 quoque
432 714 496 736 me
519 701 704 737 dominae
726 714 876 736 numen
897 700 1066 737 deduxit
1086 703 1259 750 iniquae,

193 763 324 812 deque
346 763 586 800 cothurnato
607 769 697 800 vate
718 763 941 812 triumphat
964 763 1097 800 Amor.

139 825 257 871 Quod
282 825 389 871 licet,
411 832 480 863 aut
500 831 606 863 artes
627 829 756 863 teneri
778 825 1011 876 profitemur
1031 826 1239 862 Amoris—

192 891 227 925 ei
249 888 359 934 mihi,
381 893 605 938 praeceptis
627 903 771 939 urgeor
790 892 875 938 ipse
896 892 994 926 meis
1011 891 1074 925 3-—

137 956 219 997 aut,

241 952 348 1001 quod
371 952 594 1001 Penelopes
616 953 746 989 verbis
766 952 960 989 reddatur
986 952 1108 998 Ulixi,

192 1015 399 1051 scribimus
420 1020 462 1051 et
482 1014 676 1061 lacrimas,
700 1014 829 1065 Phylli
850 1016 1002 1061 relicta,
1023 1021 1126 1061 tuas,

137 1077 243 1126 quod
269 1077 374 1113 Paris
395 1083 437 1114 et
460 1077 666 1115 Macareus
689 1084 730 1115 et
751 1079 858 1128 quod
878 1079 982 1116 male
1004 1084 1141 1128 gratus
1163 1078 1250 1114 Iaso

194 1140 488 1190 Hippolytique
510 1154 653 1190 parens
676 1142 1005 1191 Hippolytusque
1026 1141 1180 1191 legant,

136 1200 324 1250 quodque
344 1204 694 1238 tenens-strictum
716 1201 822 1238 Dido
842 1201 1076 1238 miserabilis
1096 1214 1233 1238 ensem

190 1260 298 1297 dicat
319 1266 361 1297 et
381 1261 534 1298 Aoniae
548 1261 560 1285 1
584 1261 723 1298 Lesbis
742 1268 873 1299 amata
896 1262 1016 1312 lyrae.

137 1320 268 1367 Quam
290 1324 370 1357 cito
391 1321 441 1357 de
461 1327 549 1358 toto
568 1322 689 1359 rediit
708 1336 820 1359 meus
841 1323 936 1359 orbe
957 1322 1127 1359 Sabinus

191 1383 419 1430 scriptaque
440 1381 605 1418 diversis
626 1382 786 1419 rettulit
806 1382 874 1418 1116
896 1382 991 1419 locis
1010 1385 1015 1418 1

137 1441 307 1477 candida
330 1441 531 1491 Penelope
553 1445 711 1491 signum
732 1445 920 1492 cognovit
944 1442 1071 1479 Ulixis
1090 1455 1098 1485 ;

191 1500 292 1550 legit
312 1502 362 1537 ab
385 1501 611 1552 Hippolyto
631 1505 778 1551 scripta
798 1515 969 1539 noverca
989 1515 1070 1539 suo.

137 1564 215 1596 iam

236 1564 324 1609 pius
347 1561 506 1597 Aeneas
527 1564 694 1598 miserae
716 1564 920 1611 rescripsit
940 1561 1106 1607 Elissae,

191 1619 379 1669 quodque
400 1620 510 1669 legat
534 1620 697 1670 Phyllis,
718 1624 749 1657 si
769 1621 890 1657 modo
919 1624 1029 1666 vivit,
1050 1621 1175 1658 adest.

138 1682 262 1716 tristis
282 1680 333 1716 ad
357 1680 612 1730 Hypsipylen
634 1682 684 1717 ab
706 1681 848 1717 Iasone
869 1681 1006 1718 littera
1026 1684 1165 1728 venit:

192 1739 263 1776 det
284 1745 417 1776 votam
440 1740 601 1777 Phoebo
625 1740 762 1778 Lesbis
783 1746 915 1778 amata
935 1741 1072 1791 lyram.

138 2051 215 2099 436

349 1817 358 1836 1
384 1819 518 1850 Aoniae
538 1819 602 1855 Px,
623 1830 671 1850 see
690 1821 718 1858 1,
740 1829 763 1858 1,
786 1820 846 1852 12:
873 1819 1016 1851 Aeoliae
1033 1820 1121 1860 vuly.

226 1908 239 1920 ¹⁴
265 1901 320 1932 He
338 1901 479 1932 teaches
496 1902 556 1932 the
574 1906 629 1933 art,
648 1903 683 1933 in
700 1902 761 1933 the
778 1902 850 1933 Ars
867 1903 1062 1935 Amatoria.

225 1945 236 1963 ἢ
262 1944 319 1975 All
337 1945 436 1976 these
453 1956 511 1976 are
528 1945 723 1977 references
739 1949 777 1977 to
793 1946 854 1977 the
872 1946 1051 1978 Heroides.

224 1994 235 2007 ⁰
260 1988 408 2020 Sabinus
425 1993 535 2020 wrote
552 1989 678 2030 replies
695 1994 731 2021 to
748 1990 809 2020 the
826 1990 949 2022 letters
966 1990 1002 2022 of
1017 1991 1078 2022 the
1095 1991 1275 2022 Heroides.

1294 260 1339 296 lO

1294 576 1340 611 15

1292 1502 1342 1538 30
