1409 2282
702 106 798 144 OVI
804 107 842 144 D

170 211 262 248 exul
282 224 378 260 agor
398 214 632 261 cineresque
653 214 726 248 viri
746 215 995 262 patriamque
1016 212 1210 263 relinquo,
1298 214 1372 250 115

224 287 265 319 et
286 282 392 318 feror
411 285 452 318 111
472 282 590 319 duras
610 282 725 319 hoste
747 288 942 332 sequente
963 285 1054 320 vias.

167 353 345 403 adplicor
365 356 513 403 ignotis
533 353 726 403 fratrique
748 354 879 403 elapsa
900 354 1085 404 fretoque

222 424 328 474 quod
348 425 422 460 tibi
443 424 599 470 donavi,
620 424 785 474 perfide,
805 424 900 461 litus
921 437 1020 461 emo.

169 496 307 532 urbem
328 498 519 532 constitui
538 495 700 545 lateque
720 498 901 545 patentia
930 495 995 532 fixi

221 569 379 603 moenia
400 566 578 603 finitimis
593 566 787 603 invidiosa
804 566 910 603 locis.
1296 568 1371 605 120

168 637 271 674 bella
292 643 454 674 tument
474 651 482 681 ;
511 637 627 674 bellis
647 640 860 687 peregrina
881 642 922 674 et
942 637 1091 674 femina
1112 643 1302 688 temptor,

223 712 367 758 vixque
389 708 499 745 rudis
520 713 654 757 portas
675 708 782 744 urbis
804 713 845 744 et
865 721 972 744 arma
992 721 1098 757 paro.

168 779 277 816 mille
299 782 428 828 procis
449 779 593 828 placui,
615 781 682 828 qui
702 792 766 815 me
788 782 918 815 coiere
938 784 1154 828 querentes

219 853 354 886 nescio
376 863 496 899 quem
516 849 702 886 thalamis
722 851 996 898 praeposuisse
1017 851 1107 885 suis.

164 921 261 971 quid
283 921 443 958 dubitas
463 924 639 957 vinctam
660 920 834 957 Gaetulo
854 920 1013 956 tradere
1035 919 1174 956 Iarbae
1192 920 1207 956 ?
1293 921 1367 957 125

219 987 471 1036 praebuerim
492 986 634 1023 sceleri
653 985 838 1022 bracchia
858 990 993 1022 nostra
1013 991 1094 1022 tuo.

164 1058 225 1089 est
246 1055 369 1089 etiam
389 1051 525 1097 frater,
547 1054 658 1088 cuius
678 1064 819 1087 manus
840 1053 948 1100 inpia
968 1054 1092 1100 possit

218 1126 397 1172 respergi
419 1128 568 1167 nostro,
590 1135 723 1171 sparsa
744 1135 882 1158 cruore
903 1124 985 1158 viri.

162 1208 267 1244 pone
288 1194 384 1231 deos
406 1199 447 1231 et
469 1207 570 1244 quae
590 1192 798 1242 tangendo
819 1206 927 1229 sacra
947 1192 1132 1242 profanas
1152 1193 1159 1228 Ξ

217 1279 297 1302 11011
318 1266 422 1302 bene
444 1264 626 1301 caelestis
646 1266 756 1313 inpia
775 1263 917 1300 dextra
938 1263 1044 1299 colit.
1289 1262 1365 1299 130

161 1339 192 1373 si
213 1342 258 1373 tu
279 1336 409 1374 cultor
430 1349 515 1372 eras
537 1335 679 1384 elapsis
701 1337 794 1384 igne
815 1334 986 1380 futurus,

215 1411 397 1458 paenitet
418 1407 571 1456 elapsos
591 1407 750 1456 ignibus
771 1419 856 1442 esse
878 1405 984 1442 deos.

163 1473 343 1510 Forsitan
366 1478 407 1509 et
427 1472 632 1522 gravidam
654 1471 801 1515 Didon,
824 1470 1030 1515 scelerate,
1052 1469 1265 1519 relinquas,

214 1551 383 1588 parsque
404 1540 463 1574 tui
482 1537 607 1573 lateat
627 1549 790 1585 corpore
811 1535 942 1572 clausa
961 1548 1062 1571 meo.

160 1603 326 1640 accedet
347 1602 440 1639 fatis
459 1605 597 1638 matris
617 1601 852 1638 miserabilis
873 1600 1018 1645 infans,
1286 1600 1361 1636 135

214 1674 255 1705 et
275 1668 455 1704 nondun]
476 1672 570 1703 nato
584 1667 596 1690 1
618 1666 770 1703 funeris
790 1671 928 1702 auctor
948 1668 1037 1711 eris,

158 1747 330 1784 cumque
351 1738 519 1782 parente
541 1746 610 1769 sua
630 1732 756 1769 frater
774 1734 969 1768 morietur
992 1730 1079 1776 Iuli,

212 1812 421 1848 poenaque
444 1811 614 1834 conexos
635 1797 791 1834 auferet
812 1811 890 1834 una
911 1797 1019 1833 duos.

159 1870 184 1885 “
199 1864 278 1902 Sed
298 1865 411 1900 iubet
431 1867 487 1900 ire
509 1863 646 1900 deus.''
706 1863 864 1908 vellem,
885 1865 1080 1899 vetuisset
1101 1862 1231 1907 adire,

214 1930 362 1966 Punica
382 1942 456 1965 nec
476 1928 639 1965 Teucris
660 1941 793 1977 pressa
814 1927 955 1965 fuisset
974 1927 1118 1964 humus
1136 1928 1142 1964 2
1283 1927 1358 1964 140

527 2007 536 2026 ¹
560 2012 645 2038 nato
663 2007 779 2039 Reim:
804 2007 880 2038 nati
898 2007 964 2038 Pa.

159 2083 206 2117 92
