1445 2297
735 80 831 117 OVI
837 80 874 117 D

201 188 233 223 si
254 186 358 222 bene
379 188 609 235 conpositus
629 198 768 222 somno
788 188 960 237 vinoque
981 188 1138 235 iacebit,

255 257 464 294 consilium
485 258 599 293 nobis
620 270 762 307 resque
782 256 973 308 locusque
994 258 1158 295 dabunt.

199 342 290 365 cum
311 341 448 377 surges
468 329 625 365 abitura
644 328 820 375 domum,
841 342 1049 379 surgemus
1069 335 1112 367 et
1131 343 1283 377 omnes,
1354 331 1402 368 55

252 402 294 436 in
313 399 492 436 medium
512 400 653 437 turbae
674 399 736 436 fac
756 414 909 437 memor
928 414 1075 451 agmen
1095 414 1171 438 eas.

197 474 357 521 agmine
378 484 442 508 nie
463 474 643 508 invenies
663 477 732 509 aut
752 474 967 509 invenieris
987 475 1028 508 in
1048 472 1116 509 illo
1135 487 1142 509 :

252 542 448 592 quidquid
468 543 522 579 ibi
543 545 692 592 poteris
712 548 894 593 tangere,
915 549 1038 593 tange
1059 546 1148 581 mei.

199 613 267 649 Me
288 613 499 650 miserum!
530 616 679 659 monui,
701 626 845 663 paucas
867 613 974 664 quod
994 617 1120 663 prosit
1139 617 1180 651 in
1201 614 1316 652 horas
1335 628 1343 659 ;

250 678 410 733 separor
430 698 452 719 a
472 684 634 721 domina
655 689 774 721 nocte
794 685 961 722 iubente
983 698 1082 722 mea.
1351 686 1401 723 60

195 761 315 792 nocte
336 758 396 792 vir
416 756 610 802 includet,
630 755 802 793 lacrimis
823 769 898 806 ego
918 762 1095 794 maestus
1116 758 1279 804 obortis,

249 841 327 877 qua
347 827 455 873 licet,
475 827 527 864 ad
547 840 681 864 saevas
702 841 919 878 prosequar
938 841 1064 878 usque
1085 828 1200 866 fores.

195 899 328 936 oscula
348 902 426 935 iam
447 904 591 945 sumet,
613 901 691 935 iam
712 912 793 935 non
813 904 973 936 tantum
994 899 1127 936 oscula
1148 905 1280 937 sumet
1299 913 1306 936 ε

249 970 355 1020 quod
376 970 474 1007 mihi
495 970 565 1007 das
585 970 737 1015 furtim,
759 973 844 1007 iure
865 976 1002 1008 coacta
1022 971 1144 1008 dabis.

193 1055 332 1079 verum
353 1045 477 1079 invita
497 1042 764 1091 dato-potes
779 1042 1130 1093 hoc—similisque
1147 1049 1307 1081 coactae
1323 1056 1331 1089 ;
1349 1044 1397 1081 65

248 1113 467 1150 blanditiae
488 1119 662 1159 taceant,
684 1116 814 1164 sitque
835 1114 1011 1164 maligna
1031 1115 1178 1152 Venus.

193 1188 223 1222 si
244 1199 334 1223 mea
354 1191 445 1222 vota
465 1185 613 1231 valent,
635 1185 748 1223 illum
769 1199 928 1237 quoque
950 1200 1001 1224 ne
1022 1190 1145 1233 iuvet,
1168 1193 1288 1237 opto3

246 1260 277 1294 si
297 1260 441 1303 minus,
462 1263 504 1294 at
524 1263 634 1295 certe
655 1263 697 1294 te
719 1260 830 1295 iuvet
850 1258 945 1295 inde
966 1258 1077 1295 nihil.

191 1329 263 1366 sed
283 1342 559 1379 quaecumque
580 1334 719 1366 tamen
740 1334 902 1366 noctem
922 1329 1083 1367 fortuna
1103 1336 1308 1381 sequetur,

245 1413 329 1436 cras
349 1399 447 1436 mihi
468 1403 669 1437 constanti
691 1413 786 1437 voce
807 1400 967 1438 dedisse
988 1414 1092 1451 nega
1109 1401 1116 1437 !
1345 1400 1394 1440 70

774 1555 809 1591 V

188 1643 341 1680 AESTUS
362 1648 459 1689 erat,
481 1642 735 1693 mediamque
756 1643 841 1680 dies
863 1650 1055 1694 exegerat
1074 1644 1213 1681 horam
1230 1658 1239 1689 3

240 1709 406 1758 adposui
426 1708 560 1745 medio
580 1709 761 1746 membra
780 1709 950 1746 levanda
969 1715 1067 1748 toro.

186 1788 275 1824 pars
295 1775 487 1824 adaperta
507 1774 598 1820 fuit,
619 1788 708 1824 pars
728 1775 855 1812 altera
875 1775 1006 1812 clausa
1027 1776 1254 1822 fenestrae3

239 1840 356 1891 quale
376 1841 461 1878 fere
482 1840 602 1877 silvae
623 1840 761 1878 lumen
782 1841 929 1878 habere
949 1842 1094 1889 solent,

184 1907 315 1957 qualia
335 1906 550 1944 sublucent
569 1906 753 1956 fugiente
774 1908 1007 1957 crepuscula
1029 1908 1203 1956 Phoebo,
1364 1911 1387 1947 5

237 1978 307 2010 aut
327 1974 395 2010 ubi
415 1986 494 2010 nox
513 1973 626 2020 abiit,
646 1987 721 2010 nec
741 1979 879 2012 tamen
899 1979 985 2012 orta
1004 1975 1101 2013 dies.

184 2058 260 2094 332
