1445 2297
471 350 673 395 LIBER
723 350 1090 398 SECUNDUS

769 498 785 534 I

171 599 262 637 Hoc
283 613 442 651 quoque
463 604 653 651 conposui
677 601 876 651 Paelignis
897 609 1015 640 natus
1035 609 1204 655 aquosis,

223 660 291 697 ille
308 674 384 710 ego
404 664 610 711 nequitiae
633 662 739 699 Naso
760 668 880 712 poeta
899 677 1025 701 meae.

169 720 244 757 hoc
265 734 424 771 quoque
445 724 559 759 iussit
580 723 899 773 Amor—-procul
935 723 1042 771 hinc,
1064 726 1201 775 procul
1223 733 1322 774 este,

277 794 440 818 severae
461 783 468 818 ἔ

222 855 303 878 non
324 845 420 879 estis
440 845 592 880 teneris
612 849 707 892 apta
727 843 887 881 theatra
911 845 1049 883 modis.

168 915 232 938 me
253 902 364 952 legat
385 905 425 939 in
446 905 580 952 sponsi
601 903 703 940 facie
724 918 804 940 non
824 904 971 954 frigida
991 908 1113 955 virgo,
1354 910 1376 946 5

221 968 264 999 et
284 962 392 999 rudis
414 965 553 1011 ignoto
573 969 706 1001 tactus
727 977 861 1001 amore
883 979 1006 1014 puer;

165 1027 288 1072 atque
309 1022 452 1073 aliquis
472 1026 662 1060 iuvenum
683 1038 762 1074 quo
782 1038 889 1061 nunc
911 1038 986 1075 ego
1008 1029 1163 1064 saucius
1183 1041 1275 1065 arcu

220 1089 413 1132 agnoscat
432 1083 614 1121 flammae
636 1087 793 1121 conscia
815 1087 928 1134 signa
948 1099 1057 1131 suae,

166 1146 411 1193 miratusque
434 1144 501 1180 diu
523 1148 547 1165 “
561 1157 639 1194 quo
657 1145 678 1156 ’'
701 1144 810 1181 dicat
830 1149 854 1166 ‘⁶
868 1146 918 1182 ab
938 1146 1072 1184 indice
1093 1147 1235 1185 doctus

220 1207 432 1253 conposuit
452 1217 564 1241 casus
585 1207 662 1242 iste
683 1210 803 1255 poeta
823 1219 933 1243 meos
950 1207 964 1242 ?
983 1206 1004 1217 '’
1328 1211 1375 1246 10

166 1266 297 1301 Ausus
319 1277 441 1309 eram,
462 1267 642 1311 memini,
663 1265 853 1303 caelestia
873 1266 1008 1303 dicere
1028 1267 1135 1304 bella

218 1327 575 1375 centimanumque
597 1325 717 1375 Gyen
732 1326 846 1363 l—et
866 1330 961 1364 satis
981 1330 1058 1364 oris
1079 1333 1222 1366 erat—-

163 1398 255 1421 cum
275 1385 380 1422 male
402 1398 443 1422 se
465 1385 603 1422 Tellus
624 1385 709 1422 ulta
730 1392 804 1432 est,
826 1389 1066 1437 ingestaque
1087 1388 1264 1439 Olympo

216 1444 340 1481 ardua
359 1445 560 1482 devexum
585 1445 723 1483 Pelion
746 1447 848 1484 Ossa
868 1447 974 1484 tulit.

161 1507 203 1541 in
224 1505 408 1542 manibus
429 1506 586 1542 nimbos
607 1511 650 1543 et
670 1519 760 1543 cum
782 1507 877 1544 Iove
898 1507 1055 1544 fulmen
1076 1507 1288 1555 habebam,
1325 1510 1371 1546 15

215 1565 322 1615 quod
344 1565 448 1602 bene
470 1579 540 1615 pro
561 1566 672 1602 caelo
692 1569 878 1604 mitteret
898 1567 966 1604 ille
988 1580 1115 1604 suo—

162 1625 314 1662 Clausit
334 1628 460 1662 amica
481 1625 585 1663 fores
602 1627 608 1662 !
641 1639 716 1675 ego
738 1640 828 1663 cum
851 1627 944 1664 Iove
966 1627 1122 1665 fulmen
1143 1632 1257 1667 omisi
1276 1643 1284 1674 ;

215 1685 368 1723 excidit
387 1689 553 1736 ingenio
575 1686 759 1736 Iuppiter
779 1690 862 1737 ipse
884 1701 986 1725 me0.

162 1746 360 1796 Iuppiter,
381 1749 563 1796 ignoscas
583 1747 589 1783 !
620 1747 676 1783 nil
697 1760 762 1784 me
783 1753 852 1784 tua
873 1748 955 1785 tela
975 1749 1166 1787 iuvabant
1183 1763 1192 1794 ;

213 1806 345 1843 clausa
365 1812 436 1844 tuo
457 1810 583 1843 maius
604 1809 723 1844 ianua
744 1807 899 1845 fulmen
919 1807 1053 1845 habet.
1319 1812 1369 1848 20

408 1876 417 1894 ¹
443 1876 546 1918 Gyan
563 1878 692 1908 several
708 1877 829 1910 MSS:
855 1889 969 1920 gygen
991 1879 1053 1911 Ps.

200 1954 216 1968 α
239 1947 359 1980 Sulmo
376 1959 447 1980 was
463 1949 499 1980 in
515 1960 535 1981 a
553 1949 669 1991 valley
687 1949 775 1981 with
792 1950 976 1991 plenteous
992 1951 1087 1982 rains
1103 1951 1172 1983 and
1190 1955 1347 1984 streams.

158 2011 235 2059 380
