1445 2297
718 105 857 143 OVID

183 223 258 246 nec
279 213 416 247 nocuit
437 210 645 247 simulatus
664 224 775 247 amor
792 224 801 256 ;
831 214 929 256 sine,
950 211 1089 249 credat
1108 216 1243 258 amari,

238 276 280 307 et
296 271 308 293 1
331 284 425 307 cave
447 284 498 307 ne
520 274 643 320 gratis
664 271 729 307 hic
749 272 823 308 tibi
844 277 1003 308 constet
1022 285 1132 308 amor
1149 273 1156 308 !

183 344 302 380 saepe
324 344 428 381 nega
448 336 598 368 noctes.
658 334 800 381 capitis
820 332 940 368 modo
960 332 1066 381 finge
1088 332 1279 379 dolorem,

238 396 280 428 et
300 391 431 437 modo,
453 404 554 441 quae
576 405 711 428 causas
731 393 938 441 praebeat,
962 392 1034 429 Isis
1056 395 1142 429 erit.

182 464 274 487 mox
295 454 443 501 recipe,
465 457 510 488 ut
531 451 687 488 nullum
707 452 889 501 patiendi
910 452 1074 502 colligat
1094 466 1221 499 usum,
1336 452 1385 491 75

236 525 338 548 neve
359 512 604 549 relentescat
625 525 744 562 saepe
765 512 946 562 repulsus
966 526 1086 549 amor.

182 572 301 608 surda
320 575 372 609 sit
392 575 521 609 oranti
542 578 612 609 tua
631 575 761 619 ianua,
782 572 870 609 laxa
890 572 1063 617 ferenti3

236 632 373 669 audiat
393 632 543 669 exclusi
564 633 684 669 verba
704 639 891 682 receptus
911 646 1071 677 amans;

182 697 236 737 et,
258 695 368 742 quasi
389 692 495 729 laesa
515 696 633 742 prior,
655 706 958 743 nonnumquam
978 696 1148 730 irascere
1169 693 1333 731 laeso—

236 756 415 789 vanescit
436 753 552 803 culpa
573 753 689 802 culpa
708 766 878 802 repensa
897 759 977 790 tua.
1335 754 1385 791 80

181 813 252 849 sed
274 827 493 863 numquam
513 813 672 850 dederis
693 816 912 863 spatiosum
931 819 1093 863 tempus
1114 816 1156 850 in
1175 816 1274 850 iram
1293 827 1301 858 ;

236 886 355 922 saepe
377 873 601 910 simultates
623 877 678 909 ira
698 879 851 910 morata
871 873 977 911 facit.

181 930 278 977 quin
299 931 421 964 etiam
442 928 599 964 discant
619 928 723 964 oculi
744 928 950 965 lacrimare
972 931 1111 973 coacti,

236 987 278 1018 et
298 982 447 1019 faciant
467 982 565 1019 udas
585 982 652 1019 ille
674 982 737 1019 vel
757 982 825 1019 ille
845 996 993 1032 genas;

181 1049 268 1081 nec,
290 1039 443 1086 siquem
464 1036 591 1082 falles,
612 1042 657 1073 tu
678 1040 881 1086 periurare
902 1040 1099 1074 timeto—
1333 1038 1382 1074 85

235 1091 462 1127 commodat
482 1094 523 1127 in
543 1091 651 1128 lusus
672 1093 837 1128 numina
855 1091 974 1128 surda
995 1091 1141 1128 Venus.

180 1158 316 1182 servus
337 1151 378 1182 et
398 1145 447 1182 ad
469 1151 603 1195 partes
623 1145 761 1182 sollers
781 1145 925 1182 ancilla
944 1151 1150 1195 parentur,

235 1202 302 1249 qui
323 1200 507 1245 doceant,
529 1205 623 1249 apte
645 1200 741 1250 quid
761 1201 835 1236 tibi
856 1203 981 1249 possit
1001 1203 1103 1244 emi;

180 1259 223 1290 et
243 1255 316 1291 sibi
337 1268 461 1303 pauca
482 1254 831 1303 rogent—multos
851 1257 883 1291 si
902 1268 1028 1304 pauca
1048 1255 1259 1304 rogabunt,

235 1309 446 1357 postmodo
466 1309 516 1345 de
538 1309 685 1358 stipula
705 1308 867 1358 grandis
887 1315 1051 1345 acervus
1071 1311 1158 1345 erit.
1332 1308 1382 1345 90

180 1368 222 1399 et
243 1376 350 1399 soror
371 1369 413 1399 et
432 1369 574 1409 mater,
596 1366 730 1400 nutrix
751 1376 910 1413 quoque
931 1368 1067 1412 carpat
1086 1368 1315 1407 amantem3

235 1417 279 1454 fit
299 1420 379 1454 cito
401 1431 472 1467 per
491 1417 637 1454 multas
658 1418 805 1467 praeda
826 1420 953 1466 petita
974 1431 1126 1454 manus.

180 1485 271 1507 cum
291 1477 333 1508 te
354 1471 544 1509 deficient
564 1472 756 1521 poscendi
775 1485 943 1508 munera
964 1485 1116 1517 causae,

235 1526 411 1562 natalem
430 1526 511 1563 libo
532 1526 747 1563 testificare
768 1531 885 1562 tuum
901 1527 908 1562 !

181 1580 242 1616 Ne
263 1594 425 1617 securus
445 1586 555 1617 amet
576 1580 686 1617 nullo
706 1580 840 1625 rivale,
863 1585 1002 1616 caveto
1020 1593 1029 1624 ;
1330 1579 1380 1616 95

234 1648 314 1671 11011
335 1635 452 1679 bene,
474 1637 505 1671 si
525 1634 641 1671 tollas
664 1634 827 1683 proelia,
848 1634 967 1671 durat
987 1647 1107 1670 amor.

179 1689 246 1725 ille.
268 1691 339 1725 viri
360 1689 495 1726 videat
514 1694 602 1725 toto
622 1691 790 1738 vestigia
810 1689 916 1725 lecto

232 1743 417 1793 factaque
437 1743 591 1780 lascivis
610 1743 731 1779 livida
752 1743 852 1779 colla
872 1745 987 1779 notis.

178 1811 344 1833 munera
364 1800 578 1847 praecipue
598 1798 745 1843 videat,
767 1810 868 1847 quae
888 1799 1043 1833 miserit
1062 1796 1174 1833 alter.

232 1855 263 1888 si
284 1852 443 1888 dederit
465 1865 595 1897 nemo,
617 1852 735 1888 Sacra
755 1851 931 1900 roganda
952 1851 1025 1887 Via
1045 1856 1116 1887 est.
1304 1850 1380 1887 100

483 1930 493 1949 ¹
517 1934 553 1962 et
572 1931 621 1962 P:
646 1934 684 1962 at
702 1931 804 1971 vnl‘qa
830 1929 891 1961 sed
908 1930 960 1961 ed.
977 1929 1072 1970 prin.

448 2020 463 2033 (ι
489 2013 618 2044 there
634 2014 734 2045 there
750 2024 840 2045 were
856 2024 961 2056 many
978 2013 1092 2055 shops.
