1445 2297
680 83 820 121 OVID

720 250 777 287 IV

148 351 242 387 NON
262 363 338 400 ego
358 350 572 387 mendosos
591 353 718 387 ausim
738 349 962 388 defendere
982 363 1113 388 mores

201 416 380 466 falsaque
401 429 472 466 pro
492 419 598 453 vitiis
618 429 727 452 arma
746 429 907 454 movere
927 420 1038 455 meis.

147 481 529 532 confiteor—siquid
550 481 715 531 prodest
736 482 885 519 delicta
905 481 1023 519 fateri
1041 496 1049 527 ;

202 551 244 584 in
264 561 354 584 mea
375 561 483 584 nunc
505 546 674 584 demens
695 550 861 584 crimina
882 547 1009 585 fassus
1030 561 1088 586 eo.

146 614 225 660 odi,
246 627 321 651 nec
343 627 515 663 possum,
538 605 717 663 cupiens,
738 626 821 649 non
842 626 928 651 esse
949 614 1057 664 quod
1078 614 1144 651 odi
1163 627 1171 659 3
1331 617 1354 653 5

202 679 297 726 heu,
317 692 437 729 quam
457 692 559 729 quae
580 679 742 716 studeas
764 692 914 729 ponere
936 679 1041 717 ferre
1062 693 1182 730 grave
1203 686 1266 718 est
1283 682 1289 719 !

147 745 252 782 Nam
272 745 421 782 desunt
441 747 543 782 vires
563 744 614 782 ad
634 758 699 782 me
719 744 818 781 mihi
838 748 978 795 iusque
998 745 1223 796 regendum
1241 759 1250 791 3

202 810 361 848 auferor
381 815 426 847 ut
446 810 583 860 rapida
604 814 760 848 concita
780 814 924 861 puppis
944 824 1057 862 aqua.

148 890 229 914 non
250 882 312 914 est
332 882 441 914 certa
462 890 572 914 meos
592 889 695 927 quae
715 876 841 913 forma
862 879 1008 914 invitet
1027 890 1237 915 amores—-

203 948 368 979 centum
390 947 484 979 sunt
505 955 661 988 causae,
682 955 751 978 cur
771 955 848 992 ego
870 955 1030 992 semper
1049 956 1193 981 amem.
1309 944 1358 982 10

149 1011 231 1045 sive
251 1007 383 1058 aliqua
405 1013 467 1044 est
488 1007 622 1044 oculos
642 1010 684 1043 in
705 1021 746 1044 se
767 1007 927 1045 deiecta
947 1008 1165 1056 modestos,

203 1087 307 1119 uror,
330 1079 372 1111 et
392 1072 559 1110 insidiae
581 1078 675 1110 sunt
694 1072 824 1122 pudor
844 1073 912 1110 ille
932 1086 1070 1118 meae3

149 1140 231 1174 sive
252 1150 397 1186 procax
417 1136 550 1186 aliqua
570 1142 646 1182 est,
667 1139 813 1185 capior,
835 1139 926 1186 quia
948 1139 1095 1174 rustica
1115 1150 1196 1174 non
1218 1143 1292 1184 est,

204 1216 398 1253 spemque
419 1202 490 1239 dat
509 1205 551 1238 in
569 1202 681 1238 molli
700 1201 858 1239 mobilis
879 1215 966 1239 esse
985 1207 1084 1239 toro.

149 1282 289 1319 aspera
310 1271 340 1305 si
361 1271 443 1305 visa
463 1273 525 1305 est
545 1267 772 1318 rigidasque
794 1270 950 1305 imitata
970 1267 1149 1315 Sabinas,
1310 1269 1358 1306 15

204 1334 322 1380 velle,
343 1333 414 1371 sed
436 1346 485 1370 ex
505 1333 588 1370 alto
609 1333 858 1370 dissimulare
878 1339 988 1383 puto.

150 1403 233 1437 sive
254 1413 297 1437 es
317 1399 448 1445 docta,
469 1399 603 1449 places
623 1412 728 1435 raras
749 1399 888 1436 dotata
903 1391 980 1449 *per
998 1404 1129 1444 artes;

205 1469 287 1503 sive
308 1465 430 1511 rudis,
451 1465 598 1514 placita
619 1478 660 1502 es
680 1464 939 1515 simplicitate
959 1471 1039 1503 tua.

151 1537 225 1577 est,
248 1544 350 1581 quae
373 1530 607 1567 Callimachi
620 1543 717 1580 prae
738 1534 883 1568 nostris
903 1534 1051 1568 rustica
1071 1530 1180 1568 dicat

205 1599 500 1634 carmina—cui
520 1595 673 1646 placeo,
694 1584 876 1646 protinus
897 1599 982 1646 ipsa
1001 1597 1146 1646 placet.
1309 1598 1358 1635 20

150 1668 213 1701 est
233 1666 369 1708 etiam,
389 1675 491 1712 quae
507 1675 572 1698 me
592 1667 726 1699 vatem
748 1667 790 1700 et
809 1675 899 1700 mea
919 1665 1093 1700 carmina
1113 1662 1307 1713 culpet—-

206 1728 405 1778 culpantis
426 1731 584 1777 cupiam
605 1731 841 1766 sustinuisse
861 1728 1002 1766 femur.

150 1791 327 1828 molliter
346 1790 668 1827 incedit—motu
689 1794 820 1841 capit3
849 1791 975 1828 altera
996 1791 1095 1828 dura
1116 1796 1234 1828 est—

206 1858 248 1889 at
268 1855 419 1902 poterit
439 1858 549 1890 tacto
568 1853 726 1890 mollior
746 1867 833 1891 esse
854 1857 948 1890 viro.

150 1916 250 1953 haec
272 1918 364 1966 quia
384 1915 501 1952 dulce
523 1919 630 1953 canit
650 1917 856 1967 flectitque
877 1916 1065 1954 facillima
1085 1930 1238 1964 vocem,
1309 1918 1357 1954 25

206 1978 339 2015 oscula
360 1980 540 2015 cantanti
560 1984 673 2028 rapta
693 1978 852 2016 dedisse
873 1979 993 2016 velim
1011 1992 1020 2024 ;

153 2068 231 2104 390
