1409 2282
692 130 832 167 OVID

162 234 323 284 Pegasis
345 235 530 281 Oenone,
548 235 732 285 Phrygiis
753 235 1013 272 celeberrima
1033 234 1153 280 silvis,

214 294 320 331 laesa
340 308 485 345 queror
506 295 557 332 de
577 301 633 341 te,
655 298 687 332 si
708 298 815 341 sinis,
832 298 916 345 ipsa
935 308 1036 332 meo.

160 354 261 401 Quis
282 354 381 391 deus
402 357 588 404 opposuit
608 358 753 393 nostris
775 369 844 392 sua
860 358 1024 392 numina
1044 355 1174 391 votis?
1341 354 1363 390 5

214 428 265 451 ne
286 420 355 451 tua
376 428 646 464 permaneam,
667 415 773 465 quod
794 415 893 452 mihi
914 418 1066 451 crimen
1087 415 1228 451 obest?

160 474 321 519 leniter,
343 487 392 511 ex
412 478 557 511 merito
578 475 773 525 quidquid
804 478 969 525 patiare,
990 474 1204 511 ferendum
1225 478 1310 518 est3

214 548 316 584 quae
338 537 450 571 venit
471 535 638 584 indigno
660 549 800 584 poena,
822 535 996 572 dolenda
1026 537 1147 571 venit.

161 594 353 631 Nondum
374 600 512 631 tantus
534 608 632 640 eras,
655 609 746 632 cum
766 601 807 632 te
829 600 1022 632 contenta
1042 597 1185 631 marito

215 654 325 691 edita
346 654 397 691 de
417 668 565 704 magno
585 655 748 692 flumine
770 654 948 705 nympha
972 654 1039 691 fui.
1317 653 1365 691 10

160 717 232 764 qui
253 728 360 751 nunc
383 714 762 752 Priamides—absit
781 717 1008 751 reverentia
1027 727 1120 751 vero
1136 714 1200 750 !—

215 787 351 811 servus
372 764 458 811 eras
475 787 483 818 ;
513 787 625 811 servo
645 776 798 811 nubere
819 774 996 824 nympha
1016 774 1113 811 tuli!

160 847 278 884 saepe
300 847 443 883 greges
464 837 571 871 inter
590 837 857 884 requievimus
877 835 1015 871 arbore
1036 837 1149 879 tecti,

216 897 422 944 mixtaque
445 907 535 930 cum
556 894 659 931 foliis
680 895 865 944 praebuit
884 894 1008 931 herba
1028 899 1184 938 'corum;

161 967 281 1003 saepe
303 967 422 1003 super
442 959 618 991 stramen
639 954 837 1004 faenoque
858 955 1081 991 iacentibus
1102 953 1183 990 alto
1316 953 1363 990 15

214 1013 381 1051 defensa
403 1019 465 1050 est
484 1013 626 1051 humili
647 1028 745 1051 cana
766 1017 906 1064 pruina
927 1027 1024 1050 casa.

160 1077 247 1124 quis
267 1075 341 1110 tibi
361 1075 610 1111 monstrabat
631 1074 753 1111 saltus
774 1075 984 1111 venatibus
1004 1078 1132 1123 aptos,

215 1139 258 1171 et
277 1139 439 1183 tegeret
459 1134 612 1171 catulos
634 1148 711 1184 qua
732 1134 815 1171 fera
836 1147 933 1183 rupe
955 1147 1044 1170 suos
1062 1135 1076 1170 ?

159 1197 260 1230 retia
280 1206 399 1243 saepe
419 1207 551 1230 comes
571 1194 735 1231 maculis
755 1194 945 1230 distincta
964 1193 1123 1230 tetendi
1141 1205 1149 1237 ;

214 1266 333 1303 saepe
355 1256 454 1290 citos
476 1256 540 1301 egi
561 1267 633 1303 per
653 1257 746 1303 iuga
766 1254 885 1303 longa
907 1266 1036 1290 canes.
1312 1251 1362 1289 20

160 1316 307 1350 incisae
329 1318 489 1350 servant
509 1327 531 1349 a
551 1318 593 1350 te
614 1327 704 1350 mea
724 1316 886 1350 nomina
906 1313 1000 1362 fagi,

215 1379 257 1410 et
277 1373 389 1423 legor
408 1385 565 1409 oENoNE
585 1373 686 1410 falce
706 1378 845 1410 notata
864 1373 962 1419 tua)

161 1438 203 1469 et
224 1438 419 1482 quantum
440 1436 585 1479 trunci,
605 1438 764 1470 tantum
784 1446 873 1469 mea
893 1435 1053 1469 nomina
1074 1437 1267 1469 crescunt.
1315 1432 1364 1469 25

215 1496 381 1529 crescite
403 1498 445 1529 et
465 1496 504 1528 in
526 1493 664 1529 titulos
685 1496 836 1542 surgite
857 1498 965 1529 recta
985 1506 1095 1529 meos
1114 1493 1121 1528 !

161 1552 321 1602 popule,
342 1555 442 1597 vive,
464 1566 614 1602 precor,
635 1567 736 1603 quae
758 1556 910 1589 consita
930 1556 1109 1602 margine
1130 1556 1238 1602 ripae

215 1612 289 1649 hoc·
310 1615 351 1648 in
372 1626 514 1662 rugoso
543 1616 690 1650 cortice
711 1627 870 1650 carmen
892 1613 1014 1649 habes
1033 1626 1040 1650 ε

161 1707 241 1731 CUM
272 1707 381 1730 PARls
401 1707 558 1731 OENONE
579 1707 747 1732 POTERIT
762 1708 924 1731 SPIRARE
947 1707 1122 1740 RELICTA,

216 1770 266 1793 AD
288 1769 445 1794 FONTEM
467 1770 618 1794 XANTHI
638 1771 757 1795 VERSA
779 1771 987 1795 RECURRET
1007 1771 1118 1800 AQUA.
1313 1757 1363 1795 30

204 1842 217 1862 1
243 1855 288 1875 vv.
309 1845 361 1884 23,
382 1846 424 1876 ‘24
440 1845 578 1876 omitted
594 1857 633 1877 as
649 1846 809 1886 spurious
826 1845 935 1877 Merk.
956 1859 962 1877 :

334 1894 484 1935 populus
508 1898 573 1932 est,
600 1896 753 1931 memini,
782 1895 930 1936 pluviali
954 1896 1089 1926 consita
1113 1895 1201 1934 rivo,

378 1942 432 1969 est
457 1938 490 1968 in
515 1949 584 1979 qua
609 1939 718 1969 nostri
744 1939 865 1970 littera
889 1939 1021 1980 scripta
1044 1949 1184 1970 memor.

165 1986 289 2018 “there
316 1986 345 2017 is
369 1997 391 2017 α
412 1987 551 2026 poplar,
582 1987 604 2018 I
627 1987 723 2019 *mind
747 1999 808 2025 me,
834 1988 979 2028 planted
1005 1999 1044 2019 οη
1075 1988 1126 2019 the
1155 1987 1257 2019 baults
1282 1987 1363 2028 osa,

162 2034 299 2069 stream,
318 2041 361 2062 οη
381 2030 484 2062 which
502 2030 530 2061 is
546 2030 671 2062 written
687 2031 738 2062 the
752 2032 869 2071 leyeml
882 2032 954 2063 that
969 2032 1088 2063 recall&
1101 2042 1164 2064 our
1176 2031 1361 2072 memoryff'

168 2093 216 2140 58
