1409 2282
652 88 792 126 OVID

120 198 361 246 quicumque
384 195 524 231 Iliacos
545 197 753 231 intraverit
773 194 927 231 advena
947 199 1097 243 portus,
1248 193 1323 229 2l5

174 261 206 295 is
226 259 299 294 tibi
321 258 482 310 solliciti
502 271 617 294 causa
638 260 790 294 timoris
812 260 898 294 erit.

120 324 204 371 ipse
226 320 323 356 mihi
344 323 530 370 quotiens
551 323 673 357 iratus
697 325 720 341 “
732 320 936 357 adultera!
956 319 976 331 ”
1000 319 1122 364 dices,

175 383 323 420 oblitus
343 388 479 420 nostro
500 386 651 419 crimen
672 386 802 420 inesse
823 389 938 420 tuum
956 383 962 419 Ῐ

121 447 260 483 delicti
282 446 351 482 fies
372 446 481 482 idem
501 445 768 495 reprehensor
789 451 831 482 et
851 450 999 482 auctor.

175 515 294 554 terra,
315 522 468 558 precor,
489 508 623 544 vultus
644 509 786 544 obruat
802 514 896 544 ante
917 520 1027 544 meos
1044 507 1050 542 l
1250 505 1326 541 220

124 571 180 608 At
200 570 308 607 fruar
331 570 459 607 Iliacis
480 571 620 619 opibus
641 570 831 620 cultuque
853 571 984 614 beatO,

176 634 361 684 donaque
384 636 584 683 promissis
605 634 788 670 uberiora
807 632 932 669 feram
948 645 957 676 ;

123 710 297 747 purpura
317 709 464 746 nempe
485 696 583 732 mihi
604 699 858 746 pretiosaque
878 701 991 732 texta
1011 695 1226 739 dabuntur,

178 765 451 809 congestoque
471 762 555 796 auri
577 759 754 808 pondere
776 759 887 795 dives
908 772 975 795 ero
992 759 998 794 !

125 823 176 860 da
196 825 353 859 veniam
373 821 637 859 fassae—non
659 827 753 858 sunt
771 827 841 858 tua
861 834 1028 857 munera
1046 823 1174 864 tanti3
1252 820 1327 855 225

178 888 312 922 nescio
334 899 412 935 quo
432 885 553 921 tellus
573 898 637 921 me
657 890 774 921 tenet
794 887 878 933 ipsa
898 884 1028 922 modo.

124 951 212 998 quis
231 947 343 993 mihi,
365 951 396 984 si
416 947 564 993 laedar,
588 947 770 997 Phrygiis
790 952 996 984 succurret
1015 949 1056 982 in
1077 948 1153 982 oris
1170 947 1183 981 ἓ

178 1008 287 1044 unde
308 1013 445 1057 petam
464 1007 620 1053 fratres,
642 1007 749 1044 unde
771 1010 948 1056 parentis
969 1019 1086 1056 opem
1104 1008 1117 1043 ἒ

124 1074 258 1107 omnia
283 1071 453 1107 Medeae
474 1071 594 1107 fallax
615 1073 797 1120 promisit
819 1070 989 1106 lason—

180 1133 293 1183 pulsa
315 1139 377 1170 est
398 1134 573 1170 Aesonia
594 1147 690 1169 num
711 1136 841 1169 minus
862 1133 929 1169 illa
950 1133 1068 1169 domo
1085 1133 1098 1168 ?
1252 1129 1329 1166 230

125 1207 207 1229 non
229 1199 314 1230 erat
337 1194 501 1238 Aeetes,
521 1193 571 1230 ad
592 1206 712 1243 quem
734 1193 926 1242 despecta
947 1192 1111 1237 rediret,

180 1267 261 1289 11011
284 1253 397 1303 Idyia
417 1266 561 1303 parens
583 1252 878 1302 Chalciopeque
900 1265 1017 1288 soror.

125 1313 207 1350 tale
228 1313 328 1349 nihil
348 1312 600 1349 timeo—sed
622 1326 696 1349 nec
718 1312 865 1348 Medea
884 1312 1055 1348 timebat
1072 1312 1078 1347 l

182 1373 335 1410 fallitur
354 1375 520 1422 augurio
540 1386 630 1421 spes
652 1373 754 1409 bona
775 1385 893 1420 saepe
915 1385 995 1408 suo.

128 1434 313 1470 omnibus
333 1436 526 1477 invenies,
549 1446 650 1482 quae
671 1446 777 1468 nunc
798 1435 998 1468 iactantur
1018 1434 1059 1466 in
1079 1430 1173 1475 altO,
1255 1430 1330 1465 235

182 1494 349 1530 navibus
369 1507 392 1529 a
412 1499 530 1542 portu
551 1493 644 1529 lene
665 1492 786 1529 fuisse
808 1492 967 1528 fretum.

131 1554 211 1589 Fax
232 1566 391 1603 quoque
412 1566 477 1589 me
497 1558 637 1597 terret,
659 1566 778 1602 quam
799 1566 840 1588 se
861 1554 1064 1601 peperisse
1086 1555 1294 1586 cruentam

182 1618 277 1649 ante
297 1613 405 1649 diem
427 1618 563 1662 partus
585 1617 646 1648 est
666 1617 735 1648 tua
755 1614 836 1647 visa
857 1623 1025 1660 parens;

129 1678 171 1709 et
192 1678 328 1709 vatum
348 1675 473 1709 timeo
493 1675 680 1717 monitus,
703 1685 800 1721 quos
821 1674 914 1719 igne
938 1670 1105 1719 Pelasgo

185 1733 286 1769 Ilion
307 1746 487 1769 arsurum
508 1735 805 1781 praemonuisse
826 1732 973 1767 ferunt.
1256 1729 1332 1765 240

130 1797 254 1842 utque
276 1791 385 1828 favet
406 1792 606 1842 Cytherea
625 1793 712 1836 tibi,
734 1794 825 1841 quia
846 1793 940 1827 vicit
962 1790 1164 1839 habetque

184 1857 297 1900 parta
318 1865 389 1901 per
409 1853 616 1888 arbitrium
638 1852 731 1887 bina
750 1856 913 1900 tropaea
933 1856 1061 1889 tuum,

130 1914 185 1948 sic
207 1911 294 1948 illas
314 1925 464 1956 vereor,
486 1925 602 1961 quae,
623 1914 654 1947 si
675 1916 744 1947 tua
764 1910 889 1959 gloria
911 1923 1002 1946 vera
1024 1915 1097 1953 est,

184 1971 316 2008 iudice
336 1977 378 2008 te
400 1985 557 2008 causam
579 1984 659 2006 non
680 1976 848 2007 tenuere
869 1970 972 2006 duae
992 1984 1000 2013 3

135 2057 211 2088 240
