1409 2282
708 86 847 123 OVID

178 193 292 230 Haec
314 206 390 243 ego
409 205 416 237 ;
447 192 554 243 quod
574 195 659 229 voci
681 192 833 238 deerat,
855 193 1049 243 plangore
1070 193 1276 243 replebam
1295 207 1303 237 ;

228 259 394 295 verbera
414 271 504 294 cum
526 259 656 295 verbis
676 261 802 295 mixta
822 258 934 296 fuere
954 261 1065 296 meis.

175 327 206 361 si
227 337 309 360 non
328 323 501 369 audires,
521 328 567 360 ut
587 323 730 360 saltem
752 337 917 361 cernere
939 337 1088 374 posses,

228 392 399 426 iactatae
419 388 502 426 late
523 391 637 438 signa
658 388 808 426 dedere
830 402 970 426 manus
988 402 997 433 ;
1328 390 1378 427 40

173 454 423 504 candidaque
444 457 601 503 inposui
622 454 766 504 longae
788 454 986 491 velamina
1006 457 1198 504 virgae—-

227 520 381 556 scilicet
400 519 546 556 oblitos
565 519 820 556 admonitura
839 522 919 556 mei
939 521 946 556 l

173 590 332 637 iamque
353 587 477 624 oculis
497 592 660 636 ereptus
682 581 777 624 eras.
837 592 924 624 tum
945 587 1121 637 denique
1142 586 1229 624 flevi
1249 599 1258 631 ;

225 657 464 703 torpuerant
485 653 626 689 molles
647 658 743 689 ante
764 652 900 689 dolore
922 665 1062 702 genae.

172 718 268 768 quid
289 721 422 768 potius
439 717 633 764 facerent,
646 731 851 768 quam-me
871 731 961 755 mea
980 718 1133 755 lumina
1152 718 1308 763 flerent,
1327 719 1376 755 45

226 789 438 833 postquam
459 783 656 820 desieram
670 783 683 806 1
704 783 793 820 vela
814 783 951 820 videre
972 784 1069 821 tua?

170 854 241 886 aut
261 862 337 899 ego
358 848 509 886 diffusis
531 851 657 885 erravi
679 848 760 885 sola
781 849 949 898 capillis,

225 914 351 964 qualis
371 915 421 951 ab
443 914 603 964 Ogygio
624 917 781 951 concita
803 913 958 951 Baccha
980 913 1070 960 deo,

170 985 241 1017 aut
261 993 370 1016 mare
391 982 639 1029 prospiciens
661 982 701 1015 in
723 992 816 1016 saxo
838 979 983 1029 frigida
1003 979 1102 1024 sedi,

225 1055 424 1093 quamque
445 1041 545 1091 lapis
567 1041 696 1087 sedes,
717 1047 800 1078 tam
821 1041 921 1091 lapis
942 1044 1026 1091 ipsa
1046 1040 1114 1078 fui.
1326 1042 1375 1078 50

170 1118 290 1155 saepe
311 1110 443 1142 torum
466 1110 620 1153 repeto,
641 1106 708 1154 qui
728 1117 801 1140 nos
821 1108 1032 1153 acceperat
1051 1104 1202 1149 ambos,

224 1168 295 1205 sed
315 1181 397 1204 non
417 1172 603 1217 acceptos
625 1167 877 1204 exhibiturus
899 1172 998 1212 erat,

169 1236 211 1268 et
231 1237 313 1277 tua,
334 1243 436 1281 quae
457 1243 618 1280 possum
638 1243 708 1279 pro
728 1234 783 1275 te,
805 1232 974 1279 vestigia
993 1235 1119 1279 tango

223 1299 428 1343 strataque
449 1305 550 1342 quae
572 1292 762 1328 membris
782 1294 994 1341 intepuere
1014 1295 1106 1329 tuis.

168 1356 371 1401 incumbo,
391 1355 644 1405 lacrimisque
664 1360 752 1391 toro
772 1360 963 1391 manante
984 1355 1167 1404 profusis,
1324 1355 1373 1391 52)

223 1417 514 1468 “13ressi1nus,'’
537 1417 731 1463 exclamo,
751 1421 774 1437 “
788 1422 829 1453 te
851 1417 1112 1454 duo—redde
1133 1417 1254 1454 duos!

169 1484 351 1518 venimus
373 1480 451 1517 huc
471 1480 588 1516 ambo
607 1493 615 1524 ;
645 1493 715 1516 cur
733 1493 815 1516 non
836 1480 1078 1516 discedimus
1098 1480 1215 1516 ambo
1232 1481 1246 1516 Ρ

221 1542 387 1593 perfide,
408 1555 497 1592 pars
519 1545 657 1588 nostri,
679 1542 843 1587 lectuie,
863 1545 988 1578 maior
1008 1542 1076 1578 ubi
1097 1543 1187 1579 est?
1203 1542 1224 1554 '’

168 1606 277 1653 Quid
297 1606 470 1642 faciam?
502 1618 580 1654 quo
601 1605 683 1641 sola
703 1604 833 1641 ferar?
864 1610 980 1641 vacat
1000 1605 1128 1642 insula
1149 1605 1273 1642 cultu.

220 1682 301 1705 non
322 1667 529 1704 hominum
552 1667 681 1713 video,
703 1681 783 1704 non
805 1681 880 1717 ego
901 1667 1007 1704 facta
1027 1668 1158 1705 boum.
1321 1668 1370 1705 60

166 1743 284 1766 omne
304 1730 409 1767 latus
429 1735 561 1766 terrae
582 1733 709 1779 cingit
729 1743 838 1767 mare
857 1743 866 1774 ;
896 1733 1030 1767 navita
1050 1743 1262 1780 nusquam,

220 1792 330 1828 nulla
350 1805 422 1841 per
441 1793 647 1842 ambiguas
667 1795 813 1842 puppis
834 1795 937 1829 itura
959 1796 1051 1829 vias.

165 1855 272 1905 finge
293 1854 377 1891 dari
399 1858 646 1905 comitesque
666 1855 765 1891 mihi
786 1861 1007 1905 ventosque
1029 1860 1292 1906 ratemque—

219 1918 315 1968 quid
335 1931 478 1967 sequar
495 1918 508 1953 ?
564 1931 745 1955 accessus
765 1923 873 1955 terra
892 1923 1059 1968 paterna
1079 1923 1212 1968 negat.

296 1986 306 2005 ¹
330 1986 499 2018 desieram
518 1987 605 2019 Pw:
632 1987 809 2019 desierant
828 2001 842 2020 ς
860 1988 979 2021 Flam:
1006 1988 1159 2021 desierat
1178 1989 1216 2021 G.

172 2062 243 2095 124
