1445 2297
708 101 846 138 OVlD

176 208 251 244 hoc
271 207 368 244 mihi
390 210 612 257 contingat,
634 220 744 244 sacro
764 207 815 244 de
836 221 994 244 carcere
1014 210 1143 245 missis

230 276 410 310 insistam
431 273 525 310 forti
544 278 683 309 mente
705 273 914 310 vehendus
936 276 1061 323 equis,
1331 272 1379 310 lO

176 345 219 376 et
239 338 358 375 modo
379 339 461 375 lora
482 338 600 385 dabo,
619 338 739 375 modo
759 339 926 375 verbere
947 344 1063 389 terga
1082 340 1246 386 notabo,

229 418 337 441 nunc
357 407 553 454 stringam
572 409 700 441 metas
720 407 910 442 interiore
931 410 1029 441 rota.

175 473 206 507 si
227 470 325 507 mihi
346 473 524 507 currenti
543 469 666 507 fueris
686 476 912 519 conspecta,
933 471 1130 517 morabor,

229 536 361 586 deque
381 538 481 573 meis
500 536 685 572 manibus
704 535 787 572 lora
807 538 969 572 remissa
989 535 1125 573 fluent.

174 607 217 638 at
236 615 356 652 quam
376 614 504 651 paene
527 601 670 651 Pelops
693 601 830 638 Pisaea
851 601 1026 639 concidit
1047 602 1173 648 hasta,
1332 602 1378 638 15

229 668 326 704 dum
347 672 504 717 spectat
524 667 673 713 vultus,
695 666 979 716 Hippodamia,
1000 672 1089 705 tuos
1107 668 1114 704 l

175 744 322 780 nempe
343 729 477 767 favore
499 743 592 767 suae
613 733 708 766 vicit
727 735 865 767 tamen
885 729 953 767 ille
974 730 1144 780 puellae.

229 796 433 830 vincamus
453 793 639 830 dominae
660 796 828 843 quisque
849 792 983 829 favore
1004 794 1121 830 suae!

175 856 284 902 Quid
306 856 452 893 frustra
472 855 649 906 refugis?
681 859 789 905 cogit
809 869 881 892 nos
901 855 1007 892 linea
1027 859 1150 906 iungi.

230 919 328 956 haec
348 922 389 955 in
410 919 501 969 lege
521 919 598 955 loci
619 918 828 955 commoda
848 921 974 955 circus
995 918 1172 956 habet—
1330 920 1379 956 20

129 974 132 975 ⁷
174 988 219 1019 tu
240 988 377 1019 tamen
397 996 420 1018 a
440 982 594 1027 dextra,
617 984 859 1032 quicumque
882 995 937 1027 es,
958 995 1076 1031 parce
1097 981 1255 1031 puellae
1279 995 1288 1026 ;

229 1051 417 1087 contactu
438 1045 574 1081 lateris
594 1044 769 1081 laeditur
789 1047 864 1081 ista
884 1047 955 1081 tui.

174 1114 218 1145 tu
240 1122 413 1158 quoque,
433 1110 501 1158 qui
522 1113 679 1157 spectas
700 1112 792 1156 post
810 1121 897 1154 nos,
917 1113 987 1144 tua
1007 1107 1199 1144 contrahe
1221 1121 1346 1154 crura,

228 1174 259 1208 si
280 1170 409 1220 pudor
430 1176 505 1216 est,
525 1170 654 1220 rigido
675 1183 750 1206 nec
771 1183 910 1220 preme
930 1176 1046 1220 terga
1065 1184 1174 1220 genu
1191 1171 1198 1206 1

174 1234 256 1271 Sed
276 1236 443 1270 nimium
465 1233 637 1270 demissa
657 1236 791 1270 iacent
809 1234 884 1270 tibi
904 1233 1024 1283 pallia
1044 1239 1161 1270 terra.
1327 1234 1377 1270 25

228 1296 492 1346 collige—vel
515 1298 651 1345 digitis
672 1309 724 1333 en
744 1309 820 1346 ego
839 1295 939 1333 tollo
957 1298 1057 1333 meis
1077 1297 1084 1333 2

173 1359 308 1396 invida
327 1362 449 1397 vestis
471 1372 570 1406 eras,
591 1373 692 1409 quae
713 1364 797 1396 tam
817 1360 921 1396 bona
942 1373 1055 1396 crura
1075 1360 1243 1409 tegebas
1261 1372 1270 1404 3

228 1435 386 1472 quoque
407 1425 534 1472 magis
555 1421 904 1472 spectes—invida
923 1425 1046 1459 vestis
1067 1435 1153 1459 eras
1171 1422 1178 1459 l

172 1485 268 1522 talia
290 1485 485 1523 Milanion
506 1484 720 1522 Atalantes
740 1498 854 1522 crura
873 1484 1026 1535 fugacis

227 1551 382 1597 optavit
401 1549 585 1585 manibus
605 1551 840 1585 sustinuisse
861 1550 951 1585 suis.
1327 1548 1377 1585 30

172 1610 267 1647 talia
287 1613 510 1660 pinguntur
530 1613 764 1647 succinctae
778 1622 888 1647 crura
913 1610 1067 1648 Dianae

227 1686 317 1709 cum
338 1676 519 1722 sequitur
538 1673 676 1719 fortes,
697 1672 838 1710 fortior
858 1675 956 1722 ipsa,
976 1673 1090 1711 feras.

172 1735 233 1772 his
254 1749 330 1785 ego
350 1748 431 1771 non
451 1738 542 1772 visis
562 1738 638 1772 arsi
657 1748 665 1780 ;
695 1736 792 1786 quid
812 1735 881 1772 fiet
901 1736 951 1772 ab
971 1738 1065 1785 ipsis
1081 1737 1095 1772 ?
1109 1736 1122 1760 ¹

225 1801 267 1834 in
286 1797 485 1834 flammam
505 1798 694 1844 flammas,
714 1801 755 1834 in
776 1812 885 1835 mare
906 1798 1040 1835 fundis
1060 1812 1192 1849 aquas.

171 1863 349 1909 suspicor
369 1873 416 1896 ex
438 1863 523 1897 istis
544 1866 585 1897 et
605 1866 741 1898 cetera
760 1873 876 1910 posse
896 1861 1068 1910 placere,
1325 1862 1374 1898 35

225 1936 327 1972 quae
347 1923 452 1960 bene
473 1924 546 1960 sub
565 1926 679 1960 tenui
699 1923 861 1960 condita
881 1929 993 1961 veste
1013 1924 1155 1961 latent.

489 2002 498 2020 ¹
525 2003 609 2044 ipsis
626 2003 797 2035 Mueller:
824 2004 903 2035 istis
923 2004 1023 2036 MSS.

170 2075 248 2113 450
