1409 2282
662 64 802 103 OVID

126 176 313 221 tortaque
335 176 492 208 versato
512 171 709 207 ducentes
730 172 900 206 stamina
921 169 1009 206 fuso

180 231 356 268 feminea
376 231 510 267 tardas
530 230 704 267 fallimus
724 235 811 266 arte
831 242 970 266 moras.

129 292 238 339 Quid
257 291 396 341 loquar
416 294 571 328 interea
592 296 675 327 tam
696 290 817 339 longo
837 295 1033 339 tempore,
1054 290 1239 340 quaeris?

181 352 238 388 nil
258 354 335 388 nisi
356 350 530 387 Leandri
551 364 699 387 nomen
718 353 761 386 in
781 363 847 386 ore
868 363 958 386 meo
979 355 1051 386 est.
1285 348 1334 385 40

128 415 296 448 “iamne
318 416 434 461 putas
455 413 583 447 exisse
604 411 722 447 domo
742 423 832 446 mea
851 409 1008 459 gaudia,
1030 412 1180 456 nutrix,

181 486 233 508 an
254 472 422 522 vigilant
442 484 595 517 omnes,
617 476 658 507 et
679 473 799 507 timet
819 470 886 507 ille
908 471 1026 507 suos?

128 536 259 569 iamne
282 546 369 569 suas
391 534 538 568 umeris
559 531 670 567 illum
693 530 898 580 deponere
920 535 1064 575 vestes,

182 593 340 642 paliade
362 595 439 628 iam
461 594 601 641 pingui
621 594 809 641 tinguere
832 591 1011 627 membra
1032 596 1150 640 putas
1169 592 1183 627 ?
1203 591 1223 602 ''

128 653 271 690 adnuit
290 653 357 689 illa
377 652 461 689 fere
478 665 486 695 3
501 652 513 675 1
544 665 626 688 11011
646 657 781 688 nostra
802 650 908 701 quod
929 651 1063 687 oscula
1083 656 1208 696 curet,
1284 652 1334 688 45

184 708 255 745 sed
274 712 412 744 movet
431 707 628 756 obrepens
649 719 811 743 somnus
831 705 937 741 anile
959 710 1089 754 caput.

131 768 301 812 postque
339 774 472 798 morae
516 763 727 797 minimum
767 762 880 796 “iam
919 765 1030 797 certe
1068 759 1269 810 navigat,”

239 820 415 866 inquam,

185 871 417 921 “lentaque
438 870 599 907 dimotis
620 869 805 905 bracchia
825 871 948 905 iactat
967 869 1117 919 aquis.''

132 939 339 976 paucaque
361 939 451 961 cum
472 930 580 961 tacta
609 923 762 973 perfeci
782 926 953 960 stamina
973 929 1092 969 terra,
1124 970 1126 973 Ι

185 994 237 1016 an
256 980 390 1016 medio
411 981 546 1028 possis,
568 981 806 1028 quaerimus,
828 991 914 1014 esse
935 977 1050 1015 freto.
1286 979 1336 1016 50

134 1040 176 1072 et
196 1034 315 1070 modo
336 1033 608 1083 prospicimus,
630 1032 772 1069 timida
793 1032 912 1068 modo
933 1046 1028 1069 voce
1050 1046 1273 1082 precamur,

187 1094 233 1125 ut
254 1089 327 1125 tibi
349 1088 421 1125 det
441 1087 578 1124 faciles
599 1087 708 1124 utilis
728 1100 823 1123 aura
844 1089 924 1123 vias
941 1100 950 1131 ;

133 1144 292 1180 auribus
313 1146 486 1179 incertas
507 1155 622 1178 voces
643 1147 861 1190 captamus,
883 1146 925 1178 et
945 1154 1106 1178 omnem

186 1197 384 1234 adventus
405 1199 620 1245 strepitum
640 1196 839 1232 credimus
860 1209 945 1232 esse
966 1198 1036 1232 tui.

134 1252 199 1290 Sic
220 1252 287 1288 ubi
309 1251 505 1300 deceptae
527 1264 616 1300 pars
637 1256 699 1287 est
719 1250 816 1286 mihi
837 1253 1011 1286 maxima
1031 1253 1159 1287 noctis
1289 1251 1339 1287 55

186 1312 289 1351 acta,
309 1307 417 1342 subit
436 1305 574 1341 furtim
595 1305 746 1341 lumina
764 1304 868 1341 fessa
888 1317 1013 1354 sopor.

134 1360 298 1397 forsitan
321 1363 469 1397 invitus
489 1373 649 1396 mecum
669 1364 821 1404 tamen,
842 1360 1022 1408 inprobe,
1044 1359 1204 1403 dormis,

190 1421 244 1460 et,
267 1428 507 1464 quamquam
528 1427 609 1450 non
630 1416 687 1450 vis
708 1416 792 1462 ipse
815 1416 965 1458 venire,
987 1416 1108 1450 venis.

136 1483 228 1506 nam
249 1469 368 1505 modo
388 1474 430 1505 te
453 1468 590 1505 videor
610 1481 733 1517 prope
754 1470 832 1503 iam
854 1473 1037 1516 spectare
1059 1473 1284 1514 natantem,

188 1523 373 1559 bracchia
394 1536 500 1559 1111110
521 1525 668 1559 umeris
688 1521 824 1558 umida
843 1521 948 1558 ferre
970 1525 1082 1567 meis,
1149 1560 1153 1563 ‚
1290 1523 1340 1559 60

136 1591 243 1614 nunc
263 1577 370 1623 dare,
392 1590 493 1626 quae
515 1576 636 1621 soleo,
657 1576 827 1612 madidis
849 1576 1045 1612 velamina
1064 1578 1268 1623 membris,

189 1637 354 1682 pectora
373 1644 480 1668 1111110
501 1633 638 1667 iuncto
659 1635 794 1667 nostra
815 1630 949 1667 fovere
970 1633 1057 1667 sinu

137 1686 344 1736 multaque
365 1691 577 1735 praeterea
597 1685 760 1734 linguae
781 1684 990 1721 reticenda
1009 1685 1230 1731 modestae,

190 1754 292 1791 quae
313 1740 455 1777 fecisse
476 1742 599 1784 iuvat,
620 1739 727 1776 facta
747 1738 898 1775 referre
918 1739 1057 1788 pudet.

136 1809 201 1832 me
248 1797 433 1831 miseram
451 1795 458 1830 1
517 1794 647 1830 brevis
706 1799 768 1830 est
816 1793 915 1830 haec
963 1799 1006 1830 et
1064 1807 1145 1830 11011
1194 1808 1286 1832 vera

245 1849 451 1898 voluptas3
1291 1848 1340 1886 65

192 1917 285 1940 nam
304 1908 351 1940 tu
371 1916 462 1939 cum
484 1915 623 1939 somno
643 1915 803 1951 semper
822 1902 931 1938 abire
954 1902 1066 1939 soles.

606 1972 619 1992 ¹
643 1973 717 2004 fore
735 1973 768 2004 P
782 1973 848 2005 Vm.

141 2037 214 2074 262
