1445 2297
677 67 817 104 OVID

144 170 250 220 Ergo
271 185 346 220 ego
367 186 434 208 vos
455 173 572 209 rebus
593 172 773 221 duplices
795 186 866 222 pro
887 176 1048 209 nomine
1070 176 1185 209 sensi.

196 237 359 283 auspicii
382 248 570 272 numerus
592 249 672 271 11011
694 241 780 272 erat
801 239 884 285 ipse
907 237 1010 272 boni.

142 297 237 346 quid
259 310 399 346 precer
419 300 553 343 iratus,
575 301 648 334 nisi
670 312 737 335 vos
759 302 905 335 cariosa
926 305 1112 336 senectus

197 359 324 405 rodat,
346 365 387 397 et
408 361 602 397 inmundo
623 375 713 398 cera
733 364 784 398 sit
804 362 893 398 alba
913 365 989 398 situ
1009 364 1022 399 ?
1297 363 1347 398 30

691 540 793 577 XIII

142 645 218 682 IAM
240 660 359 695 super
378 659 571 683 oceanum
593 649 704 683 venit
724 660 746 682 a
766 649 921 683 seniore
942 650 1085 684 marito

194 706 292 743 flava
313 709 500 755 pruinoso
521 720 622 756 quae
644 706 755 743 vehit
775 720 848 743 axe
869 707 987 743 diem.

140 765 269 812 “Quo
298 780 498 816 properas,
530 767 713 803 Aurora?
748 780 865 803 mane
882 768 1001 804 l—sie
1038 767 1264 804 Memnonis

248 827 397 863 umbris

193 900 325 923 annua
346 886 530 923 sollemni
551 886 673 924 caede
689 892 878 936 parentet
898 890 979 923 avis
998 888 1004 923 !

140 960 247 983 nunc
267 949 376 983 iuvat
397 950 438 983 in
459 950 609 984 teneris
630 947 815 983 dominae
836 950 1001 983 iacuisse
1022 947 1181 984 lacertis
1200 960 1208 991 ;
1320 948 1342 983 5

194 1009 224 1042 si
246 1007 419 1056 quando,
440 1006 556 1043 lateri
577 1020 684 1043 nune
704 1008 808 1044 bene
830 1010 965 1044 iuncta
985 1021 1076 1044 11160
1097 1013 1168 1044 est.

140 1080 247 1102 nunc·
269 1069 390 1103 etiam
411 1070 540 1103 somni
560 1070 730 1117 pingues
752 1073 794 1104 et
814 1067 982 1117 frigidus
1002 1081 1081 1112 aer,

194 1132 236 1164 et
256 1127 452 1177 liquidum
474 1130 585 1164 tenui
605 1133 771 1176 gutture
792 1133 928 1164 cantat
947 1131 1038 1164 avis.

139 1200 218 1236 quo
238 1200 438 1236 properas,
459 1190 616 1236 ingrata
636 1190 740 1233 viris,
761 1190 918 1237 ingrata
937 1188 1080 1237 puellis
1098 1190 1111 1225 ?

192 1247 346 1284 roscida
365 1260 565 1297 purpurea
585 1251 788 1297 supprime
808 1248 891 1284 lora
911 1261 1030 1284 manu
1048 1249 1054 1284 Ξ
1295 1249 1342 1285 10

138 1306 249 1344 Ante
268 1313 359 1344 tuos
380 1313 490 1345 ortus
510 1308 654 1345 melius
675 1321 744 1344 sua
763 1308 894 1345 sidera
914 1314 1045 1345 servat

192 1370 327 1404 navita
347 1381 422 1404 nec
441 1368 574 1404 media
593 1371 752 1405 nescius
772 1373 879 1405 errat
897 1382 999 1418 aqua
1016 1382 1024 1412 3

137 1432 179 1464 te
201 1430 328 1477 surgit
348 1430 528 1477 quamvis
547 1427 672 1465 lassus
691 1430 882 1465 veniente
904 1431 1044 1474 viator,

192 1492 234 1524 et
254 1487 370 1524 miles
390 1500 525 1524 saevas
545 1493 659 1538 aptat
678 1487 727 1524 ad
748 1501 856 1524 arma
877 1502 1027 1525 manus.

136 1550 264 1597 prima
284 1547 451 1584 bidente
472 1547 583 1584 vides
603 1553 788 1585 oneratos
809 1561 899 1584 arva
919 1549 1122 1593 colentes;
1292 1551 1339 1586 15

192 1609 317 1656 prima
338 1620 452 1644 vocas
471 1607 607 1644 tardos
628 1608 701 1643 sub
721 1610 813 1657 iuga
834 1608 966 1657 panda
986 1609 1118 1646 boves.

135 1671 181 1703 tu
201 1680 346 1716 pueros
365 1680 505 1703 somno
525 1666 684 1704 fraudas
704 1667 908 1717 tradisque
928 1671 1143 1718 magistris,

191 1732 236 1764 ut
255 1728 427 1764 subeant
446 1733 612 1764 tenerae
633 1728 799 1764 verbera
819 1742 934 1765 saeva
954 1743 1095 1766 manus
1114 1730 1147 1773 ;1

312 1802 321 1821 ¹
350 1804 454 1835 15-18
471 1804 610 1835 omitted
627 1804 668 1845 by
686 1804 742 1835 Ps
759 1816 765 1835 :
791 1804 961 1836 elsewhere
978 1805 1071 1845 after
1090 1806 1139 1837 10.

180 1892 194 1905 α
219 1885 316 1927 They
334 1896 423 1917 were
441 1886 581 1917 tabellae
598 1887 760 1927 duplices,
780 1887 906 1918 double
923 1887 1064 1920 tablets.

181 1930 192 1948 '⁴
216 1928 388 1960 Tithonus
407 1940 476 1960 was
494 1930 680 1968 immortal,
699 1930 763 1962 but
779 1935 841 1962 not
865 1931 1080 1973 immortally
1096 1943 1222 1973 young.

180 1978 191 1991 ⁰
215 1973 318 2003 From
349 1973 410 2004 the
442 1973 541 2004 ashes
579 1973 616 2005 of
654 1973 831 2013 Memnon,
866 1975 1031 2007 Aurora’s
1070 1986 1142 2009 son,
1177 1976 1262 2018 king
1300 1975 1335 2006 of

139 2035 215 2084 368
