1445 2297
704 31 843 68 OVID

169 135 384 173 blanditias
404 137 621 187 elegosque
643 137 754 182 levis,
767 151 856 174 mea
876 138 971 184 tela,
992 142 1185 188 resumpsi
1205 152 1214 183 ;

223 199 456 236 mollierunt
477 200 595 236 duras
614 200 720 237 lenia
741 201 862 237 verba
881 201 995 238 fores.

168 265 344 298 carmina
364 266 609 313 sanguineae
630 263 840 300 deducunt
861 277 1008 300 cornua
1028 264 1161 309 lunae,

224 329 266 361 et
287 330 477 362 revocant
497 329 634 362 niveos
655 326 747 363 solis
768 329 902 363 euntis
923 339 1046 377 equos
1063 340 1071 369 ;

169 390 345 424 camnine
367 387 570 425 dissiliunt
589 388 770 437 abruptis
792 388 972 425 faucibus
993 402 1160 439 angues,
1327 391 1377 427 25

223 453 346 500 inque
367 464 457 488 suos
478 450 612 488 fontes
635 464 747 488 versa
767 455 937 489 recurrit
955 465 1068 502 aqua.

169 514 411 551 carminibus
432 527 588 551 cessere
610 514 729 560 fores,
750 517 981 565 insertaque
1001 518 1121 564 posti,

223 579 402 627 quamvis
422 578 542 614 robur
563 582 662 623 erat,
684 580 860 614 carmine
882 581 986 615 victa
1007 591 1094 615 sera
1116 584 1188 616 est.

170 639 279 686 Quid
300 639 398 676 1111111
419 640 615 689 profuerit
636 640 751 677 velox
773 645 957 678 cantatus
978 641 1186 679 Achilles?

224 703 321 753 quid
342 716 413 752 pro
432 717 497 740 me
522 704 683 740 Atrides
705 704 808 741 alter
828 709 870 741 et
889 704 994 741 alter
1012 711 1152 755 agent,
1328 706 1378 743 30

169 770 318 816 quique
340 771 401 803 tot
423 767 606 812 errando,
627 773 726 816 quot
746 767 865 813 bello,
887 767 1065 817 perdidit
1084 781 1224 814 annos,

224 834 360 878 raptus
383 834 425 866 et
447 829 684 866 Haemoniis
706 829 847 867 flebilis
869 831 1027 867 Hector
1046 832 1190 881 equis?

168 896 211 928 at
231 891 333 928 facie
354 897 521 928 tenerae
543 891 729 929 laudata1
753 905 872 942 saepe
893 893 1066 942 puellae,

223 953 273 990 ad
295 960 442 1000 vatem,
463 957 638 1004 pretium
659 958 857 1001 carminis,
877 959 962 1005 ipsa
982 960 1104 993 venit.

170 1031 314 1067 magna
336 1017 455 1054 datur
475 1031 628 1055 merces
647 1019 654 1054 Ι
686 1018 854 1055 heroum
875 1019 979 1056 clara
999 1019 1131 1056 valete
1328 1019 1377 1056 35

224 1083 387 1117 nomina
405 1094 412 1124 ;
443 1094 523 1117 11011
544 1086 638 1130 apta
653 1086 715 1118 est
735 1085 864 1131 gratia
884 1088 1015 1119 vestra
1035 1082 1134 1119 mihi
1151 1083 1159 1119 !

168 1143 219 1180 ad
239 1147 329 1180 n'iea
349 1143 541 1181 formosos
561 1144 694 1181 vultus
714 1144 921 1191 adhibete,
941 1145 1115 1195 puellae,

225 1210 415 1252 carmina,
436 1220 661 1257 purpureus
682 1221 784 1258 quae
804 1208 903 1244 mihi
924 1208 1053 1245 dictat
1074 1208 1198 1245 Amor
1217 1209 1225 1245 1

749 1369 788 1405 II

170 1474 293 1521 QUEM
316 1488 441 1524 penes
462 1480 524 1511 est
545 1474 746 1511 dominam
770 1474 955 1512 servandi
976 1488 1082 1521 cura,
1104 1474 1252 1525 Bagoe,

193 1581 200 1585 ,
224 1538 320 1574 dum
341 1551 490 1587 perago
511 1543 648 1575 tecum
668 1551 806 1587 pauca,
829 1538 900 1574 sed
921 1543 1029 1587 apta,
1050 1551 1157 1574 vaca.

170 1599 359 1636 hesterna
381 1599 461 1635 vidi
481 1603 725 1649 spatiantem
746 1600 835 1636 luce
856 1600 1033 1649 puellam

224 1662 305 1709 illa,
326 1676 428 1713 quae
451 1662 579 1699 Danai
600 1666 777 1713 porticus
796 1676 944 1713 agmen
965 1663 1100 1700 habet.

171 1729 365 1776 protinus,
388 1731 432 1762 ut
452 1726 617 1775 placuit,
638 1729 726 1763 misi
748 1729 977 1776 scriptoque
998 1729 1143 1776 rogavi.
1353 1727 1376 1763 5

225 1791 428 1838 rescripsit
448 1789 607 1838 trepida
627 1793 651 1810 “
666 1802 746 1825 non
766 1789 863 1826 licet
882 1790 888 1825 1
907 1788 928 1801 ”
960 1788 1027 1825 illa
1047 1802 1167 1826 manu
1186 1802 1195 1834 ;

213 1900 222 1919 ¹
249 1901 293 1932 So
318 1901 428 1932 ilIerlc.
450 1901 541 1933 Pas-t.
566 1897 680 1934 Ne'm.2
707 1905 745 1933 at
770 1901 876 1933 facies
901 1906 1042 1933 tenerae
1067 1901 1213 1933 laudata
1238 1902 1310 1934 Ps:
1337 1905 1377 1933 ut

170 1944 276 1976 facies
294 1948 435 1976 tenerae
455 1945 635 1976 laudatast
652 1945 745 1978 Ehw.
770 1946 848 1977 Bm:
872 1945 961 1977 facie
978 1946 1084 1978 Hein.

173 2009 247 2057 382
