1409 2282
653 94 794 131 OVID

117 200 216 237 tolle
236 199 388 250 procul,
409 199 597 249 decepte,
616 199 736 245 faces,
763 200 1014 250 Hymenaee,
1035 202 1196 237 maritas

172 266 215 298 et
235 260 331 310 fuge
351 261 515 297 turbato
535 265 643 297 tecta
664 259 840 296 nefanda
859 259 964 310 pede
982 261 989 296 ἔ

117 320 222 357 ferte
243 319 350 357 faces
370 323 412 356 in
431 333 496 357 me
517 334 614 370 quas
634 320 763 366 fertis,
783 320 952 370 Erinyes
972 325 1098 366 atrae,

172 386 215 418 et
234 393 348 417 meus
369 393 417 417 ex
438 383 514 417 isto
534 381 669 418 luceat
688 384 783 430 igne
803 394 922 430 rogus
940 381 946 417 !

117 441 260 478 nubite
281 440 420 478 felices
443 441 563 477 Parca
583 441 748 478 meliore
769 454 935 486 sorores,

171 504 338 538 amissae
358 514 557 538 memores
578 501 649 538 sed
670 507 807 538 tamen
829 506 914 538 este
936 504 1015 537 mei
1032 502 1039 537 ἔ

118 560 227 607 Quid
248 574 348 610 puer
368 560 530 597 admisit
550 566 632 598 tam
653 564 788 610 paucis
810 561 943 598 editus
964 560 1069 598 horis
1087 561 1100 596 ?

172 635 251 672 quo
270 621 388 658 laesit
407 623 515 658 facto
536 624 599 657 vix
620 622 726 658 bene
746 627 865 658 natus
884 635 1002 658 avum
1019 623 1032 658 ?

118 685 149 718 si
169 684 303 731 potuit
323 684 517 718 meruisse
538 695 692 727 11666111,
713 684 905 718 meruisse
927 686 1148 731 putetur—

172 756 206 787 a,
227 745 348 778 miser
367 741 540 778 admisso
562 742 755 791 plectitur
775 741 843 778 ille
863 755 954 778 meo
972 742 979 778 !

118 807 226 847 nate,
248 801 360 839 dolor
379 804 530 847 matris,
553 801 781 851 rapidarum
794 802 806 825 1
828 802 975 851 praeda
996 801 1183 847 ferarumj

173 864 209 899 ei
230 861 352 898 mihi!
383 861 507 898 natali
528 861 745 899 dilacerate
767 867 837 899 tuo
856 875 864 905 ;

117 928 225 968 nate,
247 936 386 971 parum
408 922 528 959 fausti
549 922 776 959 miserabile
799 925 945 972 pignus
965 925 1165 958 amoris——

172 982 271 1019 haec
292 982 365 1019 tibi
386 984 513 1031 prima
535 981 633 1027 dies,
654 981 754 1019 haec
774 983 849 1019 tibi
870 995 1023 1019 summa
1044 981 1132 1019 fuit.

117 1056 199 1079 non
220 1042 318 1078 mihi
339 1048 381 1079 te
402 1042 515 1079 licuit
536 1042 707 1079 lacrimis
728 1041 973 1092 perfundere
993 1045 1122 1088 iustis,

172 1106 213 1139 in
235 1108 304 1139 tua
324 1116 406 1139 non
425 1108 562 1140 tonsas
582 1102 687 1140 ferre
708 1103 891 1152 sepulcra
911 1116 1042 1140 comas
1059 1116 1066 1147 ;

118 1176 200 1199 11011
221 1176 340 1212 super
361 1163 536 1207 incubui.
558 1176 639 1200 non
659 1163 793 1200 oscula
814 1163 959 1213 frigida
980 1166 1118 1214 carpsi.

172 1222 369 1273 diripiunt
388 1223 527 1262 avidae
549 1226 697 1260 viscera
720 1229 855 1261 nostra
875 1223 996 1261 ferae.

1252 742 1327 778 110

1252 1043 1326 1080 115

119 1283 211 1333 Ipsa
232 1297 391 1334 quoque
412 1283 578 1320 infantis
599 1297 689 1320 611111
709 1284 874 1321 vulnere
896 1297 1113 1334 prosequar
1132 1284 1291 1321 umbras

172 1357 248 1381 nec
268 1349 398 1381 mater
418 1343 532 1380 fuero
553 1344 662 1381 dicta
681 1357 756 1381 1166
777 1345 871 1381 orba
892 1344 971 1381 diu.

117 1409 162 1441 tu
183 1410 334 1450 tamen,
355 1418 378 1441 0
398 1404 543 1442 frustra
564 1407 733 1442 miserae
754 1410 912 1454 sperate
933 1408 1068 1450 sorori,

174 1478 320 1514 sparsa,
342 1478 496 1514 precor,
516 1468 600 1502 nati
622 1465 766 1515 collige
787 1466 966 1502 membra
986 1468 1059 1510 tui,

118 1530 160 1562 et
181 1524 287 1561 refer
305 1525 355 1561 ad
376 1530 547 1561 matrem
567 1528 753 1575 socioque
774 1528 924 1575 inpone
945 1525 1141 1575 sepulcro,

173 1598 352 1635 urnaque
372 1598 443 1622 nos
464 1585 612 1622 habeat
633 1585 857 1636 quamlibet
876 1591 962 1623 arta
983 1586 1081 1623 duos
1099 1587 1106 1622 ἶ

1253 1344 1328 1382 120

118 1648 206 1682 vive
227 1659 381 1682 memor
401 1648 540 1691 nostri,
559 1645 822 1696 lacrimasque
842 1649 884 1682 111
905 1646 1071 1683 vulnera
1090 1646 1229 1693 funde,
1252 1647 1327 1683 125

173 1719 277 1742 neve
298 1705 513 1742 reformida
534 1719 675 1755 corpus
696 1709 866 1743 amantis
886 1720 1034 1744 amans.

118 1771 178 1812 tu,
198 1765 325 1815 rogo,2
346 1765 519 1803 dilectae
540 1769 709 1802 nimium
729 1766 919 1804 mandata
939 1770 1081 1804 sororis

174 1825 332 1875 perfer;
361 1826 597 1864 mandatum
618 1839 836 1876 persequar
855 1830 939 1876 ipsa
960 1830 1084 1876 patris
1102 1828 1109 1864 !

336 1905 347 1923 ¹
372 1905 573 1937 rabidarum
592 1919 606 1938 ς
619 1906 714 1937 Bent.

336 1948 350 1967 ‘2
372 1954 453 1980 tura
470 1960 553 1991 rogo
570 1949 723 1991 placitae
749 1977 755 1983 .
784 1976 790 1982 .
820 1976 826 1983 .
856 1955 895 1982 tu
915 1950 966 1982 fer
984 1951 1050 1982 Pa.

125 2074 199 2108 140
