1445 2297
665 55 668 57 ’
707 50 847 88 OVID

176 168 283 200 ecce,
305 158 530 192 coturnices
550 158 657 192 inter
677 169 746 192 sua
766 155 916 205 proelia
936 158 1076 192 vivunt
1094 169 1103 200 ;

229 209 396 246 forsitan
417 215 459 246 et
479 209 601 247 fiant1
623 210 718 247 inde
738 209 974 260 frequenter
994 223 1103 246 anus.

174 263 318 313 plenus
339 277 424 301 eras
444 267 623 310 minimo,
643 278 717 301 nec
738 278 831 314 prae
852 267 1045 301 sermonis
1065 278 1198 302 amore

229 321 271 354 in
290 318 439 355 multos
459 324 617 368 poteras
639 332 705 355 ora
725 332 863 356 vacare
885 320 1002 356 cibos.

174 386 256 409 nux
277 378 363 410 erat
384 386 473 410 esca
491 374 578 419 tibi,
600 387 821 423 causaeque
841 387 1038 423 papavera
1058 376 1198 419 somni,

228 427 487 477 pellebatque
509 431 616 464 sitim
636 428 825 477 simplicis
844 441 958 464 umor
977 441 1114 478 aquae.

175 484 273 518 vivit
293 482 395 519 edax
415 482 550 519 vultur
569 483 801 532 ducensque
822 496 894 532 per
913 496 1005 519 aera
1023 496 1142 532 gyros

228 536 374 573 miluus
396 542 437 573 et
456 537 614 586 pluviae
634 537 819 586 graculus
839 542 977 574 auctor
996 550 1122 587 aquae
1139 550 1148 582 ;

175 593 274 627 Vivit
295 596 336 628 et
356 591 565 628 armiferae
586 595 722 628 cornix
742 594 868 628 invisa
890 591 1153 629 Minervae—

229 645 297 681 illa
317 646 480 695 quidem
501 646 639 683 saeclis
660 649 724 682 vix
744 649 935 682 moritura
954 659 1099 683 novem
1117 660 1126 690 ;

175 700 322 736 occidit
342 700 408 736 illa
428 700 571 750 loquax
593 700 792 737 humanae
812 703 917 737 vocis
938 703 1081 750 imago,

229 757 435 803 psittacus,
458 760 638 791 extremo
658 768 803 791 munus
823 755 872 791 ab
893 756 988 791 orbe
1009 755 1170 792 datum!

175 811 326 858 optima
346 812 473 858 prima
492 809 576 846 fere
596 810 779 846 manibus
800 812 1010 859 rapiuntur
1029 812 1155 846 avaris
1174 822 1182 854 ;

229 863 437 912 inplentur
457 866 632 900 numeris
653 864 853 900 deteriora
873 866 962 900 suis.

174 920 303 954 tristia
326 918 566 968 Phylacidae
589 918 794 954 Thersites
815 918 957 955 funera
976 918 1089 963 vidit,

228 975 387 1022 iamque
409 975 506 1009 cinis
527 975 623 1009 vivis
644 972 831 1009 fratribus
854 973 1010 1009 Hector
1031 978 1126 1009 erat.

175 1026 283 1072 Quid
303 1026 475 1063 referam
494 1027 660 1063 timidae
680 1040 751 1076 pro
771 1032 814 1063 te
835 1029 900 1076 pia
920 1032 1011 1063 vota
1030 1027 1245 1076 puellae—

228 1086 321 1118 vota
340 1081 560 1131 procelloso
580 1095 653 1131 per
671 1095 780 1118 mare
800 1086 915 1131 rapta
936 1081 1071 1118 Noto?

174 1138 345 1185 septima
364 1135 432 1172 lux
453 1139 565 1173 venit
585 1149 666 1172 non
687 1135 914 1173 exhibitura
933 1141 1185 1186 sequentem,

230 1195 271 1227 et
292 1191 424 1227 stabat
445 1204 567 1226 vacuo
588 1193 665 1226 iam
686 1191 760 1227 tibi
783 1190 904 1226 Parca
924 1190 1020 1227 colo.

174 1258 249 1281 nec
269 1250 407 1281 tamen
427 1247 571 1294 ignavo
592 1250 834 1294 stupuerunt
854 1245 974 1281 verba
994 1244 1128 1294 palato
1145 1258 1154 1289 3

229 1299 415 1336 clamavit
434 1302 607 1336 moriens
627 1299 765 1349 lingua
783 1312 791 1335 t
822 1303 846 1320 ‘⁶
862 1298 1045 1344 Corinna,
1067 1299 1154 1336 vale
1170 1300 1177 1336 l
1193 1299 1216 1311 '⁷

175 1353 285 1390 Colle
307 1354 379 1390 sub
401 1353 536 1403 Elysio
555 1356 669 1403 nigra
690 1367 831 1390 nemus
851 1353 941 1390 ilice
962 1353 1138 1399 frondet,

227 1408 386 1458 udaque
407 1413 605 1457 perpetuo
625 1411 805 1457 gramine
826 1413 933 1444 terra
953 1410 1066 1444 viret.

175 1465 287 1512 siqua
307 1462 404 1499 fides
425 1462 568 1507 dubiis,
590 1462 795 1499 volucrum
814 1462 924 1499 locus
944 1462 1011 1498 ille
1033 1465 1187 1511 piarum

229 1516 387 1562 dicitur,
409 1517 605 1553 obscenae
626 1530 704 1566 quo
724 1516 989 1565 prohibentur
1009 1529 1111 1553 aves.

175 1570 255 1607 illic
276 1573 437 1607 innocui
457 1571 538 1607 late
559 1576 778 1620 pascuntur
798 1570 925 1607 olores

229 1630 272 1661 et
291 1628 405 1661 vivax
425 1624 613 1674 phoenix,
636 1627 752 1661 unica
773 1638 931 1674 semper
949 1628 1031 1661 avis
1050 1638 1059 1669 ;

175 1679 350 1729 explicat
369 1682 453 1729 ipsa
474 1693 562 1716 suas
581 1679 664 1716 ales
685 1679 853 1715 Iunonia
873 1682 1027 1728 pinnas,

228 1733 361 1770 oscula
381 1734 451 1770 dat
472 1733 616 1783 cupido
637 1733 784 1770 blanda
804 1733 987 1770 columba
1006 1736 1115 1769 mari.

652 1824 663 1843 ¹
688 1824 778 1856 fiunt
795 1824 896 1856 Nem.

1328 320 1378 356 30

1329 864 1379 901 40

1329 1137 1378 1173 45

1330 1408 1380 1444 50

217 1926 231 1939 ‘¹
257 1920 480 1958 Protesilaus,
515 1919 576 1951 the
607 1918 685 1950 first,
715 1919 752 1950 of
782 1919 843 1950 the
874 1919 1007 1951 Greeks
1038 1923 1076 1951 to
1107 1919 1165 1951 die
1194 1923 1232 1950 at-
1264 1919 1378 1961 T1·oy;

173 1962 363 1995 addressed
380 1964 415 1995 in
432 1962 577 1995 Her-oid.
595 1963 667 1994 xiii.

174 2038 253 2071 400
