1409 2282
647 42 786 79 OVID

114 149 355 186 credidimus
376 149 654 186 lacrimis—an
676 155 718 186 et
738 148 814 186 hoe
835 148 1018 185 simulare
1039 149 1263 186 docentur?

167 215 242 252 hae
263 228 422 265 quoque
442 215 595 252 habent
617 221 735 260 artes,
759 227 916 265 quaque
938 215 1139 260 iubentur,
1161 216 1288 252 eunt?

113 281 174 318 dis
195 294 353 331 quoque
375 281 625 317 credidimus.
668 294 746 330 quo
766 283 843 316 iam
864 285 926 316 tot
946 282 1111 329 pignora
1132 281 1274 317 nobis?

168 352 280 395 parte
302 349 395 383 satis
416 349 529 395 potui
549 346 728 396 qualibet
748 345 842 382 inde
863 348 960 395 capi.

116 412 203 448 Nec
241 425 414 457 moveor,
435 411 543 461 quod
562 417 604 448 te
625 414 705 448 iuvi
725 416 922 460 portuque
942 410 1166 460 locoque—
1265 412 1315 448 55

168 477 310 513 debuit
329 476 427 513 haec
448 479 581 513 meriti
601 490 754 513 summa
774 475 895 512 fuisse
916 476 1016 512 mei!

113 545 286 592 turpiter
304 542 523 592 hospitium
544 542 649 579 lecto
670 541 891 578 cumulasse
912 541 1033 591 iugali

168 611 363 658 paenitet,
385 613 427 645 et
447 608 561 645 lateri
582 611 827 645 conseruisse
855 607 968 644 latus.

116 687 218 723 quae
238 673 316 710 fuit
335 679 430 710 ante
451 673 572 719 illam,
593 673 755 710 mallem
774 686 958 722 suprema
978 672 1119 710 fuisset

167 753 247 776 nox
266 739 377 785 mihi,
398 739 495 776 dum
515 742 627 788 potui
650 738 800 788 Phyllis
820 739 990 775 honesta
1010 742 1119 775 mori.
1266 741 1316 778 60

114 807 268 854 speravi
288 804 443 849 melius,
465 807 556 854 quia
576 817 640 840 me
662 807 852 841 meruisse
874 807 1035 853 putavi3

169 883 444 920 quaecumque
466 883 513 906 ex
534 873 678 906 merito
698 883 787 919 spes
807 873 931 915 venit,
952 882 1079 919 aequa
1099 873 1221 907 venit.

115 936 270 972 Fallere
291 935 526 972 credentem
547 949 627 971 non
649 940 711 972 est
741 949 905 984 operosa
926 935 1101 984 puellam

169 1002 303 1051 gloria.
345 1001 577 1051 simplicitas
601 1001 723 1050 digna
743 1001 877 1038 favore
898 1001 985 1038 fuit.

115 1081 203 1105 sum
222 1067 394 1116 decepta
414 1070 493 1104 tuis
515 1072 557 1103 et
577 1080 713 1103 amans
735 1072 777 1103 et
796 1067 946 1103 femina
965 1067 1106 1104 verbis.
1267 1069 1315 1105 65

169 1134 211 1170 di
230 1133 392 1179 faciant,
413 1133 541 1169 laudis
562 1146 715 1169 summa
735 1136 787 1169 sit
807 1136 883 1169 ista
902 1138 996 1169 tuae
1014 1134 1022 1168 .'

115 1202 222 1236 inter
243 1204 284 1235 et
305 1198 495 1248 Aegidas,
516 1198 647 1234 media
669 1201 854 1234 statuaris
874 1201 915 1234 in
937 1199 1046 1243 urbe,

169 1265 402 1314 magnificus
423 1264 551 1300 titulis
573 1269 654 1300 stet
674 1269 788 1313 pater
807 1269 902 1300 ante
923 1266 1012 1300 suis.

115 1341 207 1364 cum
226 1327 348 1364 fuerit
369 1326 506 1363 Sciron
526 1326 655 1363 lectus
675 1331 890 1376 torvusque
912 1326 1140 1363 Procrustes

171 1399 212 1430 et
234 1393 337 1430 Sinis
359 1398 401 1430 et
420 1395 523 1429 tauri
543 1395 748 1442 mixtaque
775 1391 901 1428 forma
920 1395 992 1428 viri
1265 1394 1316 1432 70

117 1464 159 1496 et
179 1459 354 1495 domitae
375 1458 482 1495 bello
502 1457 665 1494 Thebae
685 1457 843 1507 fusique
864 1459 1105 1495 bimembres

171 1530 213 1562 et
232 1524 389 1574 pulsata
408 1527 511 1574 nigri
530 1527 640 1573 regia
661 1537 776 1560 caeca
802 1524 922 1560 dei—

116 1591 191 1627 hoc
212 1595 281 1627 tua
301 1595 392 1640 post
411 1589 498 1626 illos
519 1589 639 1626 titulo
659 1592 841 1639 signetur
860 1592 1014 1639 imago:

172 1686 238 1709 HIC
268 1685 347 1717 EST,
377 1685 489 1708 CUIUS
519 1683 649 1708 AMANS
680 1684 843 1708 HOSPITA
873 1684 994 1708 CAPTA
1025 1683 1125 1708 DOLO
1156 1685 1232 1709 EST.

116 1756 168 1793 de
188 1761 302 1792 tanta
321 1768 452 1791 rerum
473 1755 589 1791 turba
609 1754 804 1804 factisque
824 1756 1001 1803 parentis
1268 1754 1316 1792 75

171 1821 276 1858 sedit
296 1823 337 1857 in
357 1823 520 1869 ingenio
541 1820 678 1856 Cressa
698 1819 837 1856 relicta
857 1824 937 1856 tuo.

620 1993 633 2005 '¹
659 1986 822 2017 Theseus.

122 2079 170 2112 24
