1445 2297
712 78 852 117 OVID

178 186 333 224 Ennius
352 190 440 223 arte
461 197 599 223 carens
619 187 866 235 animosique
888 185 1034 222 Accius
1054 186 1132 221 oris

230 261 413 286 casurum
433 248 545 285 nullo
564 253 748 298 tempore
768 261 918 285 nomen
946 247 1110 285 habent.
1334 247 1384 284 20

176 312 397 349 Varronem
418 314 668 361 primamque
688 316 816 348 ratem
838 324 939 361 quae
960 313 1115 348 nesciet
1135 315 1258 356 aetas,

231 387 431 424 aureaque
452 373 628 411 Aesonio
648 379 763 423 terga
782 376 912 423 petita
932 373 1024 410 duci
1042 374 1055 410 ?

176 441 351 475 carmina
371 437 550 475 sublimis
570 442 668 475 tunc
689 442 783 474 sunt
803 440 981 487 peritura
1002 436 1178 483 Lucreti,

230 503 355 538 exitio
374 505 500 538 terras
522 514 613 537 cum
633 500 746 537 dabit
766 513 846 537 una
866 499 976 539 dies:

174 563 336 614 Tityrus
358 568 400 600 et
421 567 581 612 segetes
603 562 840 612 Aeneiaque
861 574 970 598 arma
991 561 1196 611 legentur,
1335 562 1384 598 25

233 625 357 662 Roma
376 624 614 674 triumphati
634 624 730 660 dum
752 629 872 673 caput
892 624 996 660 orbis
1017 626 1117 668 erit3

176 688 306 726 donec
328 693 448 725 erunt
468 690 583 737 ignes
603 700 798 737 arcusque
821 686 1028 736 Cupidinis
1048 700 1171 733 arma,

232 752 440 789 discentur
460 753 630 795 numeri,
652 749 761 787 culte
783 749 955 794 Tibulle,
978 752 1062 793 tui;

178 814 318 851 Gallus
340 819 382 851 et
405 813 615 863 Hesperiis
637 818 679 850 et
700 812 840 849 Gallus
860 818 980 849 notus
997 812 1103 859 Eois,

232 883 275 916 et
295 891 365 915 sua
385 891 477 914 cum
497 876 615 913 Gallo
635 882 731 913 nota
752 876 915 926 Lycoris
936 878 1023 913 erit.
1338 875 1389 912 30

178 941 298 990 Ergo,
320 954 411 978 cum
431 940 574 985 silices,
595 953 686 976 cum
706 939 807 976 dens
827 942 1020 989 patientis
1038 942 1158 976 aratri

231 1003 457 1053 depereant
476 1015 586 1047 aevo,
609 1005 783 1038 carmina
802 1007 932 1039 morte
953 1007 1102 1039 carent.

177 1065 326 1103 cedant
346 1066 586 1102 carminibus
608 1078 724 1115 reges
745 1078 966 1115 regumque
988 1064 1194 1115 triumphi,

233 1129 351 1167 cedat
373 1135 415 1166 et
435 1128 597 1166 auriferi
619 1131 704 1178 ripa
725 1129 904 1178 benigna
924 1129 1024 1178 Tagi
1045 1129 1051 1165 !

180 1193 272 1229 vilia
290 1195 460 1229 miretur
480 1192 623 1242 vulgus
641 1205 650 1235 ;
680 1191 779 1228 mihi
799 1191 921 1228 flavus
943 1191 1090 1241 Apollo
1338 1192 1388 1227 35

232 1255 375 1305 pocula
396 1254 567 1291 Castalia
588 1254 709 1304 plena
728 1257 932 1291 ministret
949 1268 1065 1304 aqua,

179 1321 480 1368 sustineamque
502 1331 615 1354 coma
635 1323 890 1355 metuentem
911 1317 1059 1367 frigora
1078 1323 1269 1368 myrtum,

232 1387 355 1432 atque
376 1384 433 1419 ita
453 1381 624 1418 sollicito
644 1380 795 1417 multus
816 1386 977 1418 amante
999 1380 1110 1431 legar
1127 1381 1134 1417 1

178 1446 355 1494 pascitur
374 1446 415 1480 in
435 1446 533 1480 vivis
556 1443 673 1480 Livor
690 1457 698 1487 ς
728 1449 819 1493 post
839 1443 921 1480 fata
941 1446 1124 1493 quiescit,

234 1520 325 1543 cum
345 1520 438 1544 suus
458 1521 506 1544 ex
527 1509 672 1544 merito
693 1519 895 1557 quemque
915 1511 1055 1543 tuetur
1075 1506 1211 1544 honos.
1339 1506 1389 1543 40

179 1583 276 1620 ergo
297 1573 420 1607 etiam
441 1583 533 1606 cum
552 1583 618 1607 me
639 1582 848 1619 supremus
867 1569 1053 1606 adederit
1072 1572 1190 1619 ignis,

234 1635 377 1678 vivam,
398 1645 569 1683 parsque
590 1635 670 1669 mei
690 1632 819 1669 multa
839 1637 1044 1683 superstes
1064 1634 1152 1670 erit.

183 2057 261 2105 378
