1445 2297
697 50 838 88 OVID

165 157 262 207 quid
284 159 407 201 iuvet,
429 156 479 193 ad
501 156 638 193 surdas
659 159 690 193 si
711 161 850 193 cantet
871 155 1060 192 Phemius
1080 157 1226 192 aures?

218 211 315 261 quid
336 213 527 248 miserum
547 210 777 261 Thamyran
799 213 907 260 picta
927 209 1077 247 tabella
1096 211 1234 247 iuvat?

165 265 220 302 At
240 279 344 315 quae
366 278 447 301 non
466 268 589 302 tacita
609 264 775 302 formavi
795 265 941 314 gaudia
960 270 1099 301 mente
1118 265 1124 301 !

217 333 315 370 quos
337 333 412 369 ego
434 333 516 356 non
537 319 632 356 finxi
653 320 910 370 disposuique
931 319 1070 356 modos
1087 320 1094 355 l

167 380 302 411 nostra
322 379 461 411 tamen
481 377 639 411 iacuere
659 374 771 411 velut
791 379 1047 423 praemortua
1065 374 1246 410 membra
1322 374 1371 410 65

216 431 390 478 turpiter
410 428 599 466 hesterna
622 428 873 478 languidiora
893 441 1035 465 rosa—

161 497 263 533 quae
285 497 405 529 nune,
427 496 533 529 ecce,
555 486 696 532 vigent
716 485 1001 532 intempestiva
1020 482 1251 532 valentque,

216 552 323 575 nunc
343 551 443 587 opus
464 543 688 587 exposcunt
707 537 972 588 militiamque
993 550 1115 574 suam.

161 595 258 642 quin
279 595 368 629 istic
389 592 625 641 pudibunda
646 595 762 637 iaces,
784 605 874 642 pars
895 594 1068 641 pessima
1088 592 1242 628 nostri?

216 650 270 684 sic
292 661 378 684 sum
400 646 588 696 pollicitis
609 652 748 696 captus
770 652 812 683 et
831 652 926 683 ante
947 649 1037 683 tuis.
1322 646 1371 684 ΤΟ

161 707 206 738 tu
227 701 435 738 dominum
457 700 584 745 fallis;
613 714 685 750 per
705 706 747 738 te
768 701 990 751 deprensus
1010 703 1174 738 inermis

215 758 344 793 tristia
366 769 457 792 cum
477 769 625 805 magno
646 756 792 792 damna
812 756 966 805 pudore
986 755 1072 792 tuli.

164 811 283 847 Hanc
305 813 427 847 etiam
448 824 530 847 non
552 816 614 847 est
633 824 724 847 mea
744 810 964 860 dedignata
984 810 1119 860 puella

215 865 391 902 molliter
411 865 573 902 admota
593 865 807 902 sollicitare
827 878 949 901 manu
965 878 973 909 ;

114 948 117 951 -
161 920 231 956 sed
252 925 465 969 postquam
486 919 616 956 nullas
637 933 878 969 consurgere
899 933 1014 969 posse
1035 932 1108 969 per
1127 924 1234 957 artes
1321 918 1369 957 75

216 977 561 1024 inmemoremque
583 977 642 1011 sui
662 975 919 1024 procubuisse
940 974 1064 1020 videt,

163 1029 296 1078 “quid
316 1042 381 1065 me
402 1028 535 1065 ludis?
553 1028 575 1040 ’'
597 1031 665 1074 ait,
689 1031 813 1079 “quis
833 1034 888 1074 te,
909 1028 1014 1065 male
1035 1041 1143 1074 sane,
1164 1029 1330 1066 iubebat

216 1086 387 1120 invitum
408 1088 546 1120 nostro
566 1096 717 1132 ponere
738 1084 919 1120 membra
938 1084 1054 1120 toro?

160 1143 230 1174 aut
250 1143 292 1175 te
314 1140 494 1175 traiectis
515 1138 652 1174 Aeaea
672 1138 851 1174 venefica
870 1138 971 1174 lanis

215 1192 401 1237 devovet,
422 1197 493 1229 aut
512 1192 589 1229 alio
610 1192 735 1229 lassus
755 1206 890 1229 amore
910 1192 1060 1229 venis.”
1320 1192 1371 1229 80

161 1260 236 1283 nec
255 1260 377 1292 mora,
399 1246 564 1284 desiluit
584 1250 722 1284 tunica
744 1247 877 1284 velata
897 1247 1081 1284 soluta-—

215 1306 258 1338 et
277 1301 416 1338 decuit
436 1301 566 1338 nudos
587 1304 829 1351 proripuisse
850 1301 975 1351 pedes
990 1302 1054 1338 l—

161 1369 263 1392 neve
285 1369 378 1392 suae
399 1361 567 1405 possent
587 1359 781 1393 intactam
802 1359 901 1393 scire
922 1358 1142 1402 ministrae,

214 1410 391 1447 dedecus
411 1409 486 1447 hoc
507 1416 667 1460 sumpta
687 1411 952 1448 dissimulavit
971 1424 1083 1461 aqua.

164 2031 239 2079 508
