<?xml version="1.0" encoding="UTF-8"?>
<!DOCTYPE html PUBLIC "-//W3C//DTD XHTML 1.0 Transitional//EN"
    "http://www.w3.org/TR/xhtml1/DTD/xhtml1-transitional.dtd">
<html xmlns="http://www.w3.org/1999/xhtml" xml:lang="en" lang="en">
 <head>
  <title>
</title>
<meta http-equiv="Content-Type" content="text/html;charset=utf-8" />
  <meta name='ocr-system' content='tesseract 3.04.00' />
  <meta name='ocr-capabilities' content='ocr_page ocr_carea ocr_par ocr_line ocrx_word'/>
</head>
<body>
  <div class='ocr_page' id='page_1' title='image "./heroidesamores00ovid_0523.png"; bbox 0 0 1445 2297; ppageno 0'>
   <div class='ocr_carea' id='block_1_1' title="bbox 378 75 965 114">
    <p class='ocr_par' dir='ltr' id='par_1_1' title="bbox 378 75 965 114">
     <span class='ocr_line' id='line_1_1' title="bbox 378 75 965 114; baseline 0 -2"><span class='ocrx_word' id='word_1_1' title='bbox 378 75 495 112; x_wconf 92' lang='lat' dir='ltr'>THE</span> <span class='ocrx_word' id='word_1_2' title='bbox 534 75 763 114; x_wconf 80' lang='lat' dir='ltr'>AMORES</span> <span class='ocrx_word' id='word_1_3' title='bbox 806 76 879 113; x_wconf 84' lang='lat' dir='ltr'>III.</span> <span class='ocrx_word' id='word_1_4' title='bbox 914 79 965 112; x_wconf 80' lang='lat' dir='ltr'>vii</span> 
     </span>
    </p>
   </div>
   <div class='ocr_carea' id='block_1_2' title="bbox 68 182 1291 1977">
    <p class='ocr_par' dir='ltr' id='par_1_2' title="bbox 68 182 1291 1977">
     <span class='ocr_line' id='line_1_2' title="bbox 68 182 906 233; baseline -0.001 -13"><span class='ocrx_word' id='word_1_5' title='bbox 68 196 211 233; x_wconf 82' lang='lat' dir='ltr'>Sagave</span> <span class='ocrx_word' id='word_1_6' title='bbox 232 185 425 232; x_wconf 88' lang='lat' dir='ltr'>poenicea</span> <span class='ocrx_word' id='word_1_7' title='bbox 439 182 453 206; x_wconf 90' lang='lat'>1</span> <span class='ocrx_word' id='word_1_8' title='bbox 473 183 614 219; x_wconf 78' lang='lat' dir='ltr'>defixit</span> <span class='ocrx_word' id='word_1_9' title='bbox 635 186 796 219; x_wconf 88' lang='lat' dir='ltr'>nomina</span> <span class='ocrx_word' id='word_1_10' title='bbox 816 196 906 220; x_wconf 83' lang='lat' dir='ltr'>cera</span> 
     </span>
     <span class='ocr_line' id='line_1_3' title="bbox 123 237 1273 288; baseline 0 -14"><span class='ocrx_word' id='word_1_11' title='bbox 123 243 165 274; x_wconf 88' lang='lat' dir='ltr'>et</span> <span class='ocrx_word' id='word_1_12' title='bbox 184 237 363 274; x_wconf 89' lang='lat' dir='ltr'>medium</span> <span class='ocrx_word' id='word_1_13' title='bbox 383 240 517 274; x_wconf 88' lang='lat' dir='ltr'>tenuis</span> <span class='ocrx_word' id='word_1_14' title='bbox 537 240 579 274; x_wconf 91' lang='lat' dir='ltr'>in</span> <span class='ocrx_word' id='word_1_15' title='bbox 599 240 708 274; x_wconf 84' lang='lat' dir='ltr'>iecur</span> <span class='ocrx_word' id='word_1_16' title='bbox 729 240 814 288; x_wconf 83' lang='lat' dir='ltr'>egit</span> <span class='ocrx_word' id='word_1_17' title='bbox 833 238 955 275; x_wconf 88' lang='lat' dir='ltr'>acus?</span> <span class='ocrx_word' id='word_1_18' title='bbox 1222 237 1273 274; x_wconf 87' lang='lat'>30</span> 
     </span>
     <span class='ocr_line' id='line_1_4' title="bbox 69 291 1168 337; baseline -0.001 -8"><span class='ocrx_word' id='word_1_19' title='bbox 69 294 243 329; x_wconf 83' lang='lat' dir='ltr'>carmine</span> <span class='ocrx_word' id='word_1_20' title='bbox 263 291 370 328; x_wconf 88' lang='lat' dir='ltr'>laesa</span> <span class='ocrx_word' id='word_1_21' title='bbox 389 291 509 329; x_wconf 86' lang='lat' dir='ltr'>Ceres</span> <span class='ocrx_word' id='word_1_22' title='bbox 530 292 709 329; x_wconf 88' lang='lat' dir='ltr'>sterilem</span> <span class='ocrx_word' id='word_1_23' title='bbox 729 295 908 330; x_wconf 78' lang='lat' dir='ltr'>vanescit</span> <span class='ocrx_word' id='word_1_24' title='bbox 928 295 969 329; x_wconf 92' lang='lat' dir='ltr'>in</span> <span class='ocrx_word' id='word_1_25' title='bbox 989 292 1168 337; x_wconf 81' lang='lat' dir='ltr'><strong>herbam,</strong></span> 
     </span>
     <span class='ocr_line' id='line_1_5' title="bbox 123 346 931 397; baseline 0.002 -15"><span class='ocrx_word' id='word_1_26' title='bbox 123 346 316 383; x_wconf 89' lang='lat' dir='ltr'>deficiunt</span> <span class='ocrx_word' id='word_1_27' title='bbox 336 346 433 383; x_wconf 90' lang='lat' dir='ltr'>laesi</span> <span class='ocrx_word' id='word_1_28' title='bbox 453 349 628 384; x_wconf 81' lang='lat' dir='ltr'>carmine</span> <span class='ocrx_word' id='word_1_29' title='bbox 649 346 772 384; x_wconf 87' lang='lat' dir='ltr'>fontis</span> <span class='ocrx_word' id='word_1_30' title='bbox 792 361 931 397; x_wconf 87' lang='lat' dir='ltr'>aquae,</span> 
     </span>
     <span class='ocr_line' id='line_1_6' title="bbox 68 400 937 451; baseline 0.001 -14"><span class='ocrx_word' id='word_1_31' title='bbox 68 401 224 438; x_wconf 82' lang='lat' dir='ltr'>ilicibus</span> <span class='ocrx_word' id='word_1_32' title='bbox 243 400 412 450; x_wconf 82' lang='lat' dir='ltr'>glandes</span> <span class='ocrx_word' id='word_1_33' title='bbox 432 407 673 451; x_wconf 86' lang='lat' dir='ltr'>cantataque</span> <span class='ocrx_word' id='word_1_34' title='bbox 694 403 841 439; x_wconf 83' lang='lat' dir='ltr'>vitibus</span> <span class='ocrx_word' id='word_1_35' title='bbox 862 415 937 438; x_wconf 87' lang='lat' dir='ltr'>uva</span> 
     </span>
     <span class='ocr_line' id='line_1_7' title="bbox 123 455 990 505; baseline 0.001 -13"><span class='ocrx_word' id='word_1_36' title='bbox 123 455 288 501; x_wconf 77' lang='lat' dir='ltr'>decidit,</span> <span class='ocrx_word' id='word_1_37' title='bbox 310 461 351 492; x_wconf 84' lang='lat' dir='ltr'>et</span> <span class='ocrx_word' id='word_1_38' title='bbox 372 455 482 492; x_wconf 85' lang='lat' dir='ltr'>nullo</span> <span class='ocrx_word' id='word_1_39' title='bbox 503 469 621 505; x_wconf 87' lang='lat' dir='ltr'>poma</span> <span class='ocrx_word' id='word_1_40' title='bbox 640 462 829 493; x_wconf 87' lang='lat' dir='ltr'>movente</span> <span class='ocrx_word' id='word_1_41' title='bbox 850 456 990 493; x_wconf 87' lang='lat' dir='ltr'>fluunt.</span> 
     </span>
     <span class='ocr_line' id='line_1_8' title="bbox 70 510 1275 561; baseline -0.001 -14"><span class='ocrx_word' id='word_1_42' title='bbox 70 510 166 561; x_wconf 88' lang='lat' dir='ltr'>quid</span> <span class='ocrx_word' id='word_1_43' title='bbox 187 515 299 547; x_wconf 75' lang='lat' dir='ltr'>vetat</span> <span class='ocrx_word' id='word_1_44' title='bbox 320 515 362 547; x_wconf 90' lang='lat' dir='ltr'>et</span> <span class='ocrx_word' id='word_1_45' title='bbox 382 524 524 547; x_wconf 83' lang='lat' dir='ltr'>nervos</span> <span class='ocrx_word' id='word_1_46' title='bbox 544 514 718 560; x_wconf 81' lang='lat' dir='ltr'>magicas</span> <span class='ocrx_word' id='word_1_47' title='bbox 739 516 900 561; x_wconf 83' lang='lat' dir='ltr'>torpere</span> <span class='ocrx_word' id='word_1_48' title='bbox 922 524 993 561; x_wconf 87' lang='lat' dir='ltr'>per</span> <span class='ocrx_word' id='word_1_49' title='bbox 1013 512 1147 548; x_wconf 84' lang='lat' dir='ltr'>artes?</span> <span class='ocrx_word' id='word_1_50' title='bbox 1226 510 1275 546; x_wconf 85' lang='lat'>35</span> 
     </span>
     <span class='ocr_line' id='line_1_9' title="bbox 125 564 992 614; baseline 0.001 -14"><span class='ocrx_word' id='word_1_51' title='bbox 125 564 291 601; x_wconf 85' lang='lat' dir='ltr'>forsitan</span> <span class='ocrx_word' id='word_1_52' title='bbox 311 567 513 614; x_wconf 85' lang='lat' dir='ltr'>inpatiens</span> <span class='ocrx_word' id='word_1_53' title='bbox 534 568 585 602; x_wconf 91' lang='lat' dir='ltr'>sit</span> <span class='ocrx_word' id='word_1_54' title='bbox 605 565 710 602; x_wconf 88' lang='lat' dir='ltr'>latus</span> <span class='ocrx_word' id='word_1_55' title='bbox 730 566 824 602; x_wconf 90' lang='lat' dir='ltr'>inde</span> <span class='ocrx_word' id='word_1_56' title='bbox 845 579 992 603; x_wconf 89' lang='lat' dir='ltr'>meum.</span> 
     </span>
     <span class='ocr_line' id='line_1_10' title="bbox 71 619 1104 670; baseline 0.002 -15"><span class='ocrx_word' id='word_1_57' title='bbox 71 619 149 656; x_wconf 90' lang='lat' dir='ltr'>huc</span> <span class='ocrx_word' id='word_1_58' title='bbox 170 619 298 669; x_wconf 89' lang='lat' dir='ltr'>pudor</span> <span class='ocrx_word' id='word_1_59' title='bbox 317 622 485 657; x_wconf 87' lang='lat' dir='ltr'>accessit</span> <span class='ocrx_word' id='word_1_60' title='bbox 504 619 600 656; x_wconf 85' lang='lat' dir='ltr'>facti</span> <span class='ocrx_word' id='word_1_61' title='bbox 616 633 624 663; x_wconf 92' lang='lat'><em>3</em></span> <span class='ocrx_word' id='word_1_62' title='bbox 654 620 783 669; x_wconf 88' lang='lat' dir='ltr'>pudor</span> <span class='ocrx_word' id='word_1_63' title='bbox 802 623 887 670; x_wconf 90' lang='lat' dir='ltr'>ipse</span> <span class='ocrx_word' id='word_1_64' title='bbox 908 621 1104 664; x_wconf 82' lang='lat' dir='ltr'>nocebat3</span> 
     </span>
     <span class='ocr_line' id='line_1_11' title="bbox 125 673 840 711; baseline 0.001 -1"><span class='ocrx_word' id='word_1_65' title='bbox 125 673 193 710; x_wconf 90' lang='lat' dir='ltr'>ille</span> <span class='ocrx_word' id='word_1_66' title='bbox 214 673 291 710; x_wconf 86' lang='lat' dir='ltr'>fuit</span> <span class='ocrx_word' id='word_1_67' title='bbox 311 677 397 711; x_wconf 82' lang='lat' dir='ltr'>vitii</span> <span class='ocrx_word' id='word_1_68' title='bbox 417 688 534 711; x_wconf 87' lang='lat' dir='ltr'>causa</span> <span class='ocrx_word' id='word_1_69' title='bbox 554 675 728 711; x_wconf 77' lang='lat' dir='ltr'>secu‘nda</span> <span class='ocrx_word' id='word_1_70' title='bbox 750 678 840 711; x_wconf 86' lang='lat' dir='ltr'>mei.</span> 
     </span>
     <span class='ocr_line' id='line_1_12' title="bbox 72 728 1039 780; baseline 0 -15"><span class='ocrx_word' id='word_1_71' title='bbox 72 728 129 766; x_wconf 88' lang='lat' dir='ltr'>At</span> <span class='ocrx_word' id='word_1_72' title='bbox 149 728 309 779; x_wconf 86' lang='lat' dir='ltr'>qualem</span> <span class='ocrx_word' id='word_1_73' title='bbox 331 728 411 765; x_wconf 89' lang='lat' dir='ltr'>vidi</span> <span class='ocrx_word' id='word_1_74' title='bbox 431 734 592 766; x_wconf 86' lang='lat' dir='ltr'>tantum</span> <span class='ocrx_word' id='word_1_75' title='bbox 612 732 813 780; x_wconf 74' lang='lat' dir='ltr'>tetigique</span> <span class='ocrx_word' id='word_1_76' title='bbox 835 729 1012 779; x_wconf 77' lang='lat' dir='ltr'>pucilam</span> <span class='ocrx_word' id='word_1_77' title='bbox 1033 730 1039 765; x_wconf 76' lang='lat'>1</span> 
     </span>
     <span class='ocr_line' id='line_1_13' title="bbox 127 783 1279 833; baseline 0.001 -14"><span class='ocrx_word' id='word_1_78' title='bbox 127 785 181 820; x_wconf 90' lang='lat' dir='ltr'>sic</span> <span class='ocrx_word' id='word_1_79' title='bbox 203 785 324 820; x_wconf 84' lang='lat' dir='ltr'>etiam</span> <span class='ocrx_word' id='word_1_80' title='bbox 344 786 481 820; x_wconf 85' lang='lat' dir='ltr'>tunica</span> <span class='ocrx_word' id='word_1_81' title='bbox 500 787 682 833; x_wconf 77' lang='lat' dir='ltr'>tangitur</span> <span class='ocrx_word' id='word_1_82' title='bbox 702 784 767 820; x_wconf 78' lang='lat' dir='ltr'>illa</span> <span class='ocrx_word' id='word_1_83' title='bbox 789 798 868 821; x_wconf 81' lang='lat' dir='ltr'>sua.</span> <span class='ocrx_word' id='word_1_84' title='bbox 1228 783 1279 820; x_wconf 82' lang='lat'>40</span> 
     </span>
     <span class='ocr_line' id='line_1_14' title="bbox 72 837 1001 888; baseline 0 -14"><span class='ocrx_word' id='word_1_85' title='bbox 72 837 177 875; x_wconf 89' lang='lat' dir='ltr'>illius</span> <span class='ocrx_word' id='word_1_86' title='bbox 197 837 246 874; x_wconf 89' lang='lat' dir='ltr'>ad</span> <span class='ocrx_word' id='word_1_87' title='bbox 266 843 421 875; x_wconf 85' lang='lat' dir='ltr'>tactum</span> <span class='ocrx_word' id='word_1_88' title='bbox 444 838 577 888; x_wconf 75' lang='lat' dir='ltr'>Pylius</span> <span class='ocrx_word' id='word_1_89' title='bbox 598 841 855 876; x_wconf 69' lang='lat' dir='ltr'>iuvenescere</span> <span class='ocrx_word' id='word_1_90' title='bbox 876 841 1001 888; x_wconf 80' lang='lat' dir='ltr'>possit</span> 
     </span>
     <span class='ocr_line' id='line_1_15' title="bbox 127 892 917 942; baseline 0.003 -14"><span class='ocrx_word' id='word_1_91' title='bbox 127 892 403 942; x_wconf 80' lang='lat' dir='ltr'>Tithonosque</span> <span class='ocrx_word' id='word_1_92' title='bbox 424 895 539 929; x_wconf 88' lang='lat' dir='ltr'>annis</span> <span class='ocrx_word' id='word_1_93' title='bbox 560 892 699 929; x_wconf 88' lang='lat' dir='ltr'>fortior</span> <span class='ocrx_word' id='word_1_94' title='bbox 721 907 807 930; x_wconf 86' lang='lat' dir='ltr'>esse</span> <span class='ocrx_word' id='word_1_95' title='bbox 828 896 917 930; x_wconf 91' lang='lat' dir='ltr'>suis.</span> 
     </span>
     <span class='ocr_line' id='line_1_16' title="bbox 74 946 1126 998; baseline 0 -15"><span class='ocrx_word' id='word_1_96' title='bbox 74 947 173 984; x_wconf 90' lang='lat' dir='ltr'>haec</span> <span class='ocrx_word' id='word_1_97' title='bbox 193 946 291 983; x_wconf 90' lang='lat' dir='ltr'>mihi</span> <span class='ocrx_word' id='word_1_98' title='bbox 311 950 538 997; x_wconf 76' lang='lat' dir='ltr'>contigerat</span> <span class='ocrx_word' id='word_1_99' title='bbox 556 960 564 991; x_wconf 98' lang='lat'><em>3</em></span> <span class='ocrx_word' id='word_1_100' title='bbox 594 947 665 984; x_wconf 81' lang='lat' dir='ltr'>sed</span> <span class='ocrx_word' id='word_1_101' title='bbox 686 951 744 984; x_wconf 84' lang='lat' dir='ltr'>vir</span> <span class='ocrx_word' id='word_1_102' title='bbox 764 961 845 985; x_wconf 90' lang='lat' dir='ltr'>non</span> <span class='ocrx_word' id='word_1_103' title='bbox 867 950 1038 998; x_wconf 86' lang='lat' dir='ltr'>contigit</span> <span class='ocrx_word' id='word_1_104' title='bbox 1058 947 1126 983; x_wconf 87' lang='lat' dir='ltr'>illi.</span> 
     </span>
     <span class='ocr_line' id='line_1_17' title="bbox 129 1003 1118 1052; baseline 0.001 -15"><span class='ocrx_word' id='word_1_105' title='bbox 129 1015 226 1052; x_wconf 89' lang='lat' dir='ltr'>quas</span> <span class='ocrx_word' id='word_1_106' title='bbox 248 1015 355 1038; x_wconf 88' lang='lat' dir='ltr'>nunc</span> <span class='ocrx_word' id='word_1_107' title='bbox 377 1004 599 1051; x_wconf 86' lang='lat' dir='ltr'>concipiam</span> <span class='ocrx_word' id='word_1_108' title='bbox 620 1015 692 1051; x_wconf 90' lang='lat' dir='ltr'>per</span> <span class='ocrx_word' id='word_1_109' title='bbox 712 1016 815 1039; x_wconf 84' lang='lat' dir='ltr'>nova</span> <span class='ocrx_word' id='word_1_110' title='bbox 834 1008 927 1039; x_wconf 86' lang='lat' dir='ltr'>vota</span> <span class='ocrx_word' id='word_1_111' title='bbox 947 1016 1087 1052; x_wconf 87' lang='lat' dir='ltr'>preces</span> <span class='ocrx_word' id='word_1_112' title='bbox 1105 1003 1118 1038; x_wconf 82' lang='lat'>?</span> 
     </span>
     <span class='ocr_line' id='line_1_18' title="bbox 75 1056 1281 1107; baseline 0 -15"><span class='ocrx_word' id='word_1_113' title='bbox 75 1056 195 1093; x_wconf 81' lang='lat' dir='ltr'>credo</span> <span class='ocrx_word' id='word_1_114' title='bbox 215 1058 337 1092; x_wconf 88' lang='lat' dir='ltr'>etiam</span> <span class='ocrx_word' id='word_1_115' title='bbox 357 1070 536 1105; x_wconf 83' lang='lat' dir='ltr'>magnos,</span> <span class='ocrx_word' id='word_1_116' title='bbox 558 1070 637 1107; x_wconf 92' lang='lat' dir='ltr'>quo</span> <span class='ocrx_word' id='word_1_117' title='bbox 657 1070 744 1094; x_wconf 86' lang='lat' dir='ltr'>sum</span> <span class='ocrx_word' id='word_1_118' title='bbox 765 1062 849 1094; x_wconf 88' lang='lat' dir='ltr'>tam</span> <span class='ocrx_word' id='word_1_119' title='bbox 868 1060 1042 1107; x_wconf 83' lang='lat' dir='ltr'>turpiter</span> <span class='ocrx_word' id='word_1_120' title='bbox 1062 1070 1167 1102; x_wconf 82' lang='lat' dir='ltr'>usus,</span> <span class='ocrx_word' id='word_1_121' title='bbox 1232 1056 1281 1092; x_wconf 84' lang='lat'>45</span> 
     </span>
     <span class='ocr_line' id='line_1_19' title="bbox 130 1110 846 1160; baseline 0.004 -14"><span class='ocrx_word' id='word_1_122' title='bbox 130 1113 306 1148; x_wconf 84' lang='lat' dir='ltr'>muneris</span> <span class='ocrx_word' id='word_1_123' title='bbox 327 1110 451 1147; x_wconf 87' lang='lat' dir='ltr'>oblati</span> <span class='ocrx_word' id='word_1_124' title='bbox 471 1114 717 1160; x_wconf 86' lang='lat' dir='ltr'>paenituisse</span> <span class='ocrx_word' id='word_1_125' title='bbox 738 1111 846 1149; x_wconf 88' lang='lat' dir='ltr'>deos.</span> 
     </span>
     <span class='ocr_line' id='line_1_20' title="bbox 76 1165 1085 1216; baseline 0.002 -15"><span class='ocrx_word' id='word_1_126' title='bbox 76 1165 263 1215; x_wconf 86' lang='lat' dir='ltr'>optabam</span> <span class='ocrx_word' id='word_1_127' title='bbox 284 1170 394 1202; x_wconf 86' lang='lat' dir='ltr'>certe</span> <span class='ocrx_word' id='word_1_128' title='bbox 414 1168 683 1215; x_wconf 85' lang='lat' dir='ltr'>recipi—sum</span> <span class='ocrx_word' id='word_1_129' title='bbox 703 1180 850 1216; x_wconf 91' lang='lat' dir='ltr'>nempe</span> <span class='ocrx_word' id='word_1_130' title='bbox 870 1172 1058 1216; x_wconf 84' lang='lat' dir='ltr'>receptus</span> <span class='ocrx_word' id='word_1_131' title='bbox 1076 1179 1085 1211; x_wconf 97' lang='lat'><em>3</em></span> 
     </span>
     <span class='ocr_line' id='line_1_21' title="bbox 130 1219 1010 1270; baseline 0.003 -15"><span class='ocrx_word' id='word_1_132' title='bbox 130 1219 263 1256; x_wconf 84' lang='lat' dir='ltr'>oscula</span> <span class='ocrx_word' id='word_1_133' title='bbox 282 1219 519 1257; x_wconf 84' lang='lat' dir='ltr'>ferre—tuli</span> <span class='ocrx_word' id='word_1_134' title='bbox 537 1233 545 1264; x_wconf 93' lang='lat'><em>3</em></span> <span class='ocrx_word' id='word_1_135' title='bbox 575 1223 778 1270; x_wconf 87' lang='lat' dir='ltr'>proximus</span> <span class='ocrx_word' id='word_1_136' title='bbox 799 1220 1010 1258; x_wconf 76' lang='lat' dir='ltr'>esse—fui.</span> 
     </span>
     <span class='ocr_line' id='line_1_22' title="bbox 78 1274 1176 1325; baseline 0.001 -15"><span class='ocrx_word' id='word_1_137' title='bbox 78 1287 157 1324; x_wconf 93' lang='lat' dir='ltr'>quo</span> <span class='ocrx_word' id='word_1_138' title='bbox 177 1274 275 1310; x_wconf 90' lang='lat' dir='ltr'>mihi</span> <span class='ocrx_word' id='word_1_139' title='bbox 296 1274 482 1311; x_wconf 88' lang='lat' dir='ltr'>fortunae</span> <span class='ocrx_word' id='word_1_140' title='bbox 502 1277 694 1312; x_wconf 88' lang='lat' dir='ltr'>tantum?</span> <span class='ocrx_word' id='word_1_141' title='bbox 725 1289 804 1325; x_wconf 89' lang='lat' dir='ltr'>quo</span> <span class='ocrx_word' id='word_1_142' title='bbox 824 1289 949 1325; x_wconf 78' lang='lat' dir='ltr'>regna</span> <span class='ocrx_word' id='word_1_143' title='bbox 970 1279 1055 1313; x_wconf 83' lang='lat' dir='ltr'>sine</span> <span class='ocrx_word' id='word_1_144' title='bbox 1078 1276 1176 1312; x_wconf 85' lang='lat' dir='ltr'>usu?</span> 
     </span>
     <span class='ocr_line' id='line_1_23' title="bbox 132 1328 1284 1380; baseline 0 -15"><span class='ocrx_word' id='word_1_145' title='bbox 132 1328 241 1378; x_wconf 89' lang='lat' dir='ltr'>quid,</span> <span class='ocrx_word' id='word_1_146' title='bbox 263 1331 337 1365; x_wconf 91' lang='lat' dir='ltr'>nisi</span> <span class='ocrx_word' id='word_1_147' title='bbox 358 1329 518 1378; x_wconf 85' lang='lat' dir='ltr'>possedi</span> <span class='ocrx_word' id='word_1_148' title='bbox 539 1329 650 1366; x_wconf 77' lang='lat' dir='ltr'>dives</span> <span class='ocrx_word' id='word_1_149' title='bbox 671 1343 810 1367; x_wconf 86' lang='lat' dir='ltr'>avarus</span> <span class='ocrx_word' id='word_1_150' title='bbox 831 1332 956 1380; x_wconf 88' lang='lat' dir='ltr'>opes?</span> <span class='ocrx_word' id='word_1_151' title='bbox 1234 1329 1284 1365; x_wconf 87' lang='lat'>50</span> 
     </span>
     <span class='ocr_line' id='line_1_24' title="bbox 79 1383 942 1433; baseline 0.001 -13"><span class='ocrx_word' id='word_1_152' title='bbox 79 1385 134 1420; x_wconf 86' lang='lat' dir='ltr'>sic</span> <span class='ocrx_word' id='word_1_153' title='bbox 154 1388 241 1420; x_wconf 88' lang='lat' dir='ltr'>aret</span> <span class='ocrx_word' id='word_1_154' title='bbox 260 1383 404 1420; x_wconf 90' lang='lat' dir='ltr'>mediis</span> <span class='ocrx_word' id='word_1_155' title='bbox 424 1387 537 1420; x_wconf 89' lang='lat' dir='ltr'>taciti</span> <span class='ocrx_word' id='word_1_156' title='bbox 558 1383 743 1433; x_wconf 81' lang='lat' dir='ltr'>vulgator</span> <span class='ocrx_word' id='word_1_157' title='bbox 762 1387 804 1420; x_wconf 92' lang='lat' dir='ltr'>in</span> <span class='ocrx_word' id='word_1_158' title='bbox 825 1385 942 1421; x_wconf 87' lang='lat' dir='ltr'>undis</span> 
     </span>
     <span class='ocr_line' id='line_1_25' title="bbox 134 1438 1138 1489; baseline 0.002 -16"><span class='ocrx_word' id='word_1_159' title='bbox 134 1450 345 1488; x_wconf 82' lang='lat' dir='ltr'>pomaque,</span> <span class='ocrx_word' id='word_1_160' title='bbox 367 1451 469 1488; x_wconf 89' lang='lat' dir='ltr'>quae</span> <span class='ocrx_word' id='word_1_161' title='bbox 490 1438 602 1475; x_wconf 90' lang='lat' dir='ltr'>nullo</span> <span class='ocrx_word' id='word_1_162' title='bbox 621 1444 804 1488; x_wconf 87' lang='lat' dir='ltr'>tempore</span> <span class='ocrx_word' id='word_1_163' title='bbox 826 1444 981 1489; x_wconf 78' lang='lat' dir='ltr'>tangat,</span> <span class='ocrx_word' id='word_1_164' title='bbox 1004 1438 1138 1476; x_wconf 90' lang='lat' dir='ltr'>habet.</span> 
     </span>
     <span class='ocr_line' id='line_1_26' title="bbox 79 1493 1023 1543; baseline 0.002 -15"><span class='ocrx_word' id='word_1_165' title='bbox 79 1505 102 1528; x_wconf 92' lang='lat' dir='ltr'>a</span> <span class='ocrx_word' id='word_1_166' title='bbox 121 1497 263 1528; x_wconf 87' lang='lat' dir='ltr'>tenera</span> <span class='ocrx_word' id='word_1_167' title='bbox 283 1495 493 1542; x_wconf 86' lang='lat' dir='ltr'>quisquam</span> <span class='ocrx_word' id='word_1_168' title='bbox 514 1495 568 1529; x_wconf 90' lang='lat' dir='ltr'>sic</span> <span class='ocrx_word' id='word_1_169' title='bbox 590 1496 717 1542; x_wconf 82' lang='lat' dir='ltr'>surgit</span> <span class='ocrx_word' id='word_1_170' title='bbox 737 1507 855 1530; x_wconf 86' lang='lat' dir='ltr'>mane</span> <span class='ocrx_word' id='word_1_171' title='bbox 877 1493 1023 1543; x_wconf 85' lang='lat' dir='ltr'>puella,</span> 
     </span>
     <span class='ocr_line' id='line_1_27' title="bbox 134 1548 984 1596; baseline 0.004 -14"><span class='ocrx_word' id='word_1_172' title='bbox 134 1549 316 1596; x_wconf 85' lang='lat' dir='ltr'>protinus</span> <span class='ocrx_word' id='word_1_173' title='bbox 338 1552 383 1583; x_wconf 90' lang='lat' dir='ltr'>ut</span> <span class='ocrx_word' id='word_1_174' title='bbox 403 1552 561 1584; x_wconf 84' lang='lat' dir='ltr'>sanctos</span> <span class='ocrx_word' id='word_1_175' title='bbox 582 1550 707 1596; x_wconf 83' lang='lat' dir='ltr'>possit</span> <span class='ocrx_word' id='word_1_176' title='bbox 727 1548 836 1585; x_wconf 86' lang='lat' dir='ltr'>adire</span> <span class='ocrx_word' id='word_1_177' title='bbox 857 1548 954 1585; x_wconf 86' lang='lat' dir='ltr'>deos</span> <span class='ocrx_word' id='word_1_178' title='bbox 971 1549 984 1584; x_wconf 89' lang='lat'>?</span> 
     </span>
     <span class='ocr_line' id='line_1_28' title="bbox 81 1600 1187 1652; baseline 0.001 -15"><span class='ocrx_word' id='word_1_179' title='bbox 81 1600 174 1646; x_wconf 85' lang='lat' dir='ltr'>Sed,</span> <span class='ocrx_word' id='word_1_180' title='bbox 204 1606 315 1650; x_wconf 84' lang='lat' dir='ltr'>puto,</span> <span class='ocrx_word' id='word_1_181' title='bbox 346 1615 428 1638; x_wconf 91' lang='lat' dir='ltr'>non</span> <span class='ocrx_word' id='word_1_182' title='bbox 457 1601 617 1647; x_wconf 74' lang='lat' dir='ltr'>blande,</span> <span class='ocrx_word' id='word_1_183' title='bbox 648 1616 729 1638; x_wconf 85' lang='lat' dir='ltr'>non</span> <span class='ocrx_word' id='word_1_184' title='bbox 758 1605 909 1652; x_wconf 88' lang='lat' dir='ltr'>optima</span> <span class='ocrx_word' id='word_1_185' title='bbox 938 1602 1117 1652; x_wconf 87' lang='lat' dir='ltr'>perdidit</span> <span class='ocrx_word' id='word_1_186' title='bbox 1147 1605 1187 1638; x_wconf 92' lang='lat' dir='ltr'>in</span> 
     </span>
     <span class='ocr_line' id='line_1_29' title="bbox 189 1657 1288 1692; baseline 0.001 -1"><span class='ocrx_word' id='word_1_187' title='bbox 189 1668 254 1692; x_wconf 89' lang='lat' dir='ltr'>me</span> <span class='ocrx_word' id='word_1_188' title='bbox 1239 1657 1288 1692; x_wconf 90' lang='lat'>55</span> 
     </span>
     <span class='ocr_line' id='line_1_30' title="bbox 135 1709 900 1760; baseline 0.004 -15"><span class='ocrx_word' id='word_1_189' title='bbox 135 1709 292 1753; x_wconf 87' lang='lat' dir='ltr'>oscula3</span> <span class='ocrx_word' id='word_1_190' title='bbox 322 1723 403 1746; x_wconf 91' lang='lat' dir='ltr'>non</span> <span class='ocrx_word' id='word_1_191' title='bbox 424 1713 532 1746; x_wconf 89' lang='lat' dir='ltr'>omni</span> <span class='ocrx_word' id='word_1_192' title='bbox 552 1710 781 1747; x_wconf 81' lang='lat' dir='ltr'>sollicitavit</span> <span class='ocrx_word' id='word_1_193' title='bbox 800 1724 876 1760; x_wconf 84' lang='lat' dir='ltr'>ope</span> <span class='ocrx_word' id='word_1_194' title='bbox 894 1712 900 1748; x_wconf 89' lang='lat'>!</span> 
     </span>
     <span class='ocr_line' id='line_1_31' title="bbox 82 1762 1135 1816; baseline 0.002 -17"><span class='ocrx_word' id='word_1_195' title='bbox 82 1762 150 1799; x_wconf 89' lang='lat' dir='ltr'>illa</span> <span class='ocrx_word' id='word_1_196' title='bbox 169 1776 310 1812; x_wconf 84' lang='lat' dir='ltr'>graves</span> <span class='ocrx_word' id='word_1_197' title='bbox 330 1767 463 1813; x_wconf 87' lang='lat' dir='ltr'>potuit</span> <span class='ocrx_word' id='word_1_198' title='bbox 483 1778 653 1814; x_wconf 83' lang='lat' dir='ltr'>quercus</span> <span class='ocrx_word' id='word_1_199' title='bbox 673 1765 967 1816; x_wconf 87' lang='lat' dir='ltr'>adamantaque</span> <span class='ocrx_word' id='word_1_200' title='bbox 988 1766 1135 1803; x_wconf 88' lang='lat' dir='ltr'>durum</span> 
     </span>
     <span class='ocr_line' id='line_1_32' title="bbox 137 1817 962 1868; baseline 0.002 -14"><span class='ocrx_word' id='word_1_201' title='bbox 137 1817 335 1868; x_wconf 87' lang='lat' dir='ltr'>surdaque</span> <span class='ocrx_word' id='word_1_202' title='bbox 355 1818 559 1855; x_wconf 82' lang='lat' dir='ltr'>blanditiis</span> <span class='ocrx_word' id='word_1_203' title='bbox 580 1832 672 1855; x_wconf 81' lang='lat' dir='ltr'>saxa</span> <span class='ocrx_word' id='word_1_204' title='bbox 691 1833 851 1857; x_wconf 88' lang='lat' dir='ltr'>movere</span> <span class='ocrx_word' id='word_1_205' title='bbox 872 1823 962 1857; x_wconf 86' lang='lat' dir='ltr'>suis.</span> 
     </span>
     <span class='ocr_line' id='line_1_33' title="bbox 84 1871 1056 1925; baseline 0.004 -18"><span class='ocrx_word' id='word_1_206' title='bbox 84 1871 208 1921; x_wconf 88' lang='lat' dir='ltr'>digna</span> <span class='ocrx_word' id='word_1_207' title='bbox 226 1885 387 1909; x_wconf 89' lang='lat' dir='ltr'>movere</span> <span class='ocrx_word' id='word_1_208' title='bbox 408 1872 485 1910; x_wconf 88' lang='lat' dir='ltr'>fuit</span> <span class='ocrx_word' id='word_1_209' title='bbox 506 1878 615 1910; x_wconf 86' lang='lat' dir='ltr'>certe</span> <span class='ocrx_word' id='word_1_210' title='bbox 637 1877 825 1924; x_wconf 81' lang='lat' dir='ltr'>vivosque</span> <span class='ocrx_word' id='word_1_211' title='bbox 846 1877 1029 1925; x_wconf 78' lang='lat' dir='ltr'>virosque</span> <span class='ocrx_word' id='word_1_212' title='bbox 1049 1887 1056 1918; x_wconf 93' lang='lat'><em>3</em></span> 
     </span>
     <span class='ocr_line' id='line_1_34' title="bbox 141 1926 1291 1977; baseline 0.002 -14"><span class='ocrx_word' id='word_1_213' title='bbox 141 1926 212 1963; x_wconf 82' lang='lat' dir='ltr'>Sed</span> <span class='ocrx_word' id='word_1_214' title='bbox 233 1939 365 1977; x_wconf 85' lang='lat' dir='ltr'>neque</span> <span class='ocrx_word' id='word_1_215' title='bbox 385 1933 472 1964; x_wconf 85' lang='lat' dir='ltr'>tum</span> <span class='ocrx_word' id='word_1_216' title='bbox 494 1930 572 1963; x_wconf 88' lang='lat' dir='ltr'>vixi</span> <span class='ocrx_word' id='word_1_217' title='bbox 594 1941 668 1965; x_wconf 86' lang='lat' dir='ltr'>nec</span> <span class='ocrx_word' id='word_1_218' title='bbox 689 1931 758 1973; x_wconf 80' lang='lat' dir='ltr'>vir,</span> <span class='ocrx_word' id='word_1_219' title='bbox 781 1934 826 1965; x_wconf 92' lang='lat' dir='ltr'>ut</span> <span class='ocrx_word' id='word_1_220' title='bbox 846 1934 954 1974; x_wconf 81' lang='lat' dir='ltr'>ante,</span> <span class='ocrx_word' id='word_1_221' title='bbox 977 1928 1044 1965; x_wconf 91' lang='lat' dir='ltr'>fui.</span> <span class='ocrx_word' id='word_1_222' title='bbox 1241 1928 1291 1964; x_wconf 86' lang='grc'>60</span> 
     </span>
    </p>
   </div>
   <div class='ocr_carea' id='block_1_3' title="bbox 384 1996 1007 2041">
    <p class='ocr_par' dir='ltr' id='par_1_3' title="bbox 384 1996 1007 2041">
     <span class='ocr_line' id='line_1_35' title="bbox 384 1996 1007 2041; baseline 0.003 -12"><span class='ocrx_word' id='word_1_223' title='bbox 384 1996 393 2016; x_wconf 85' lang='lat'>¹</span> <span class='ocrx_word' id='word_1_224' title='bbox 418 1998 583 2039; x_wconf 84' lang='lat' dir='ltr'>poenicea</span> <span class='ocrx_word' id='word_1_225' title='bbox 602 1999 702 2039; x_wconf 47' lang='lat' dir='ltr'>vulya</span> <span class='ocrx_word' id='word_1_226' title='bbox 728 1999 920 2041; x_wconf 83' lang='lat' dir='ltr'>sanguinea</span> <span class='ocrx_word' id='word_1_227' title='bbox 937 1999 970 2030; x_wconf 80' lang='lat' dir='ltr'><em>P</em></span> <span class='ocrx_word' id='word_1_228' title='bbox 982 2011 1007 2031; x_wconf 82' lang='grc' dir='ltr'>ς.</span> 
     </span>
    </p>
   </div>
   <div class='ocr_carea' id='block_1_4' title="bbox 1217 2064 1289 2101">
    <p class='ocr_par' dir='ltr' id='par_1_4' title="bbox 1217 2064 1289 2101">
     <span class='ocr_line' id='line_1_36' title="bbox 1217 2064 1289 2101; baseline -0.014 0"><span class='ocrx_word' id='word_1_229' title='bbox 1217 2064 1289 2101; x_wconf 91' lang='lat'>507</span> 
     </span>
    </p>
   </div>
  </div>
 </body>
</html>
