1409 2282
658 87 799 126 OVID

128 192 260 242 Phryx
282 198 368 229 erat
389 192 567 229 Aurorae
588 195 774 238 coniunx,
796 197 933 229 tamen
954 192 1120 230 abstulit
1140 192 1252 229 illum

181 258 407 289 extremum
428 256 557 289 noctis
578 266 680 302 quae
701 252 777 289 dea
798 252 886 289 finit
906 255 993 289 iter.

129 313 260 363 Phryx
282 316 404 349 etiam
426 313 636 359 Anchises,
658 313 863 349 volucrum
884 316 947 349 cui
968 318 1098 349 mater
1118 312 1313 349 Amorum

179 373 332 423 gaudet
352 376 393 409 in
416 373 547 410 Idaeis
568 374 830 410 concubuisse
851 376 964 423 iugis.

125 447 213 479 nec,
235 439 346 482 puto,
368 433 536 470 conlatis
557 433 684 469 forma
707 433 916 470 Menelaus
937 439 979 470 et
999 436 1113 469 annis
1129 433 1142 456 ¹
1257 433 1332 469 205

179 494 311 530 iudice
332 499 375 530 te
397 495 510 530 nobis
531 493 820 530 anteferendus
842 496 928 530 erit.

126 568 205 590 non
227 554 409 590 dabimus
431 559 541 590 certe
562 567 743 591 socerum
764 555 837 590 tibi
859 554 963 590 clara
982 553 1193 603 fugantem

179 614 342 657 lumina,
364 617 431 663 qui
452 614 631 663 trepidos
652 628 674 650 a
694 614 797 663 dape
818 619 950 651 vertat
970 628 1092 664 equos
1109 627 1117 658 ;

126 688 200 711 nec
225 674 378 710 Priamo
399 679 514 723 pater
535 680 597 711 est
617 678 743 711 soceri
764 674 815 711 de
836 674 959 711 caede
981 680 1171 711 cruentus

182 740 224 771 et
245 737 311 784 qui
335 734 514 784 Myrtoas
535 737 701 771 crimine
722 737 856 784 signat
876 748 997 784 aquas
1017 748 1025 779 ;
1258 734 1335 770 210

128 808 203 831 nec
224 808 370 844 proavo
392 794 533 844 Stygia
553 800 689 832 nostro
710 800 924 844 captantur
944 798 986 831 in
1007 795 1115 832 unda

181 869 309 904 poma,
332 869 406 891 nec
428 858 469 891 in
489 855 631 892 mediis
653 858 858 905 quaeritur
878 869 992 891 umor
1011 858 1133 905 aquis.

127 915 235 962 Quid
256 920 393 951 tamen
416 915 490 951 hoc
511 915 649 961 refert,
671 919 701 951 si
723 921 765 952 te
786 921 903 952 tenet
923 921 1033 952 ortus
1054 916 1103 952 ab
1124 915 1214 961 illis,

180 978 337 1025 cogitur
358 975 450 1012 huic
471 975 607 1012 domui
630 975 813 1025 Iuppiter
834 989 919 1012 esse
941 977 1079 1012 socer?

126 1035 205 1072 heu
228 1036 381 1072 facinus
401 1037 407 1072 I
439 1039 535 1072 totis
557 1036 746 1085 indignus
768 1037 952 1072 noctibus
973 1036 1040 1072 ille
1257 1036 1333 1072 215

181 1101 222 1133 te
244 1101 361 1133 tenet
381 1096 569 1145 amplexu
590 1096 891 1146 perfruiturque
912 1101 983 1132 tuo
1001 1109 1009 1140 3

127 1156 168 1187 at
188 1150 285 1186 mihi
308 1153 548 1200 conspiceris
565 1153 695 1199 posita
715 1153 778 1186 vix
800 1150 975 1200 denique
996 1164 1147 1196 mensa,

181 1205 388 1254 multaque
410 1218 511 1254 quae
532 1205 697 1241 laedant
717 1204 792 1241 hoc
813 1218 972 1254 quoque
993 1211 1153 1254 tempus
1174 1205 1309 1241 habet.

128 1259 308 1296 hostibus
330 1262 520 1295 eveniant
540 1262 719 1295 convivia
739 1259 834 1295 talia
855 1262 1012 1305 nostris,

183 1316 366 1363 experior
386 1317 516 1362 posito
537 1313 669 1363 qualia
689 1327 807 1363 saepe
828 1327 939 1350 mero
957 1315 963 1350 Ξ
1257 1314 1334 1351 220

128 1371 311 1417 paenitet
332 1368 507 1417 hospitii,
530 1381 620 1404 cum
641 1382 705 1404 me
727 1373 938 1417 spectante
960 1368 1129 1405 lacertos

183 1425 342 1471 inponit
362 1422 464 1458 collo
485 1425 655 1458 rusticus
675 1425 751 1459 iste
772 1427 852 1458 tuo.

129 1490 291 1525 rumpor
312 1481 353 1513 et
373 1476 730 1526 invideo—quidni
751 1481 888 1513 tamen
909 1479 1041 1513 onmia
1062 1490 1219 1513 narrem
1234 1478 1303 1513 2³—

182 1531 362 1566 membra
382 1533 607 1579 superiecta
628 1544 719 1566 cum
739 1536 809 1567 tua
829 1536 940 1567 veste
962 1530 1082 1567 fovet.

129 1585 263 1621 oscula
284 1599 373 1621 cum
395 1599 488 1621 vero
509 1598 640 1621 coram
661 1598 741 1620 11011
762 1584 861 1621 dura
881 1585 1042 1630 daretis,
1257 1586 1333 1622 225

183 1644 277 1675 ante
299 1639 432 1675 oculos
453 1642 565 1688 posui
587 1639 729 1688 pocula
749 1644 909 1688 sumpta
928 1652 1038 1675 meos
1055 1652 1063 1682 3

129 1693 281 1729 lumina
302 1694 474 1730 demitto
494 1707 585 1730 cum
606 1698 647 1730 te
668 1698 786 1730 tenet
805 1696 928 1730 artius
950 1693 1029 1738 ille,

185 1751 329 1784 crescit
350 1753 392 1784 et
413 1750 538 1784 invito
559 1747 693 1784 lentus
714 1751 755 1783 in
776 1761 843 1784 ore
865 1748 985 1784 cibus.

501 1827 508 1845 ¹
535 1828 636 1858 annis
656 1828 687 1858 P
704 1841 710 1859 :
737 1827 844 1858 armis
864 1827 893 1858 G
905 1842 938 1858 ω.

173 1912 187 1925 ‘¹
213 1906 397 1943 Tithonus,
418 1916 478 1936 son
497 1905 532 1936 of
551 1905 756 1936 Laomedon.

171 1950 183 1968 ¹²
209 1949 394 1990 Referring
413 1953 449 1979 to
469 1950 599 1980 Atreus
619 1949 687 1979 and
706 1949 758 1980 his
775 1949 915 1989 scrving
931 1952 968 1979 to
992 1948 1163 1990 Thyestes
1188 1948 1241 1979 his
1258 1959 1336 1979 own

129 2004 219 2024 sous.

133 2067 208 2091 212
