1445 2297
686 95 825 133 OVID

161 206 191 240 si
212 217 297 240 mos
317 205 492 252 antiquis
513 202 728 251 placuisset
748 202 941 238 matribus
962 200 1082 246 idem,

214 277 315 313 gens
336 263 543 299 hominum
565 264 661 298 vitio
681 261 913 311 deperitura
932 260 1022 306 fuit,
1316 258 1364 295 10

161 325 309 374 quique
331 325 477 359 iterum
497 325 647 358 iaceret
666 324 826 370 generis
847 320 1062 370 primordia
1082 322 1206 356 nostri

214 387 256 420 in
276 397 400 420 vacuo
420 383 574 432 lapides
595 383 703 427 orbe,
725 382 925 431 parandus
946 387 1042 418 erat.

163 446 252 494 quis
275 443 418 479 Priami
440 442 627 491 fregisset
648 455 756 491 Opes,
778 445 809 478 si
830 455 981 478 numen
1001 454 1193 491 aquarum

214 507 318 540 iusta
339 508 561 540 recusasset
580 502 759 551 pondera
780 501 884 538 ferre
907 501 1076 538 Thetis?

160 564 233 600 Ilia
253 566 292 610 si·
303 563 459 600 tumido
478 565 660 612 geminos
680 564 721 597 in
740 567 882 598 ventre
902 566 1097 606 necasset,
1319 559 1366 595 15

214 637 374 661 casurus
395 623 580 659 dominae
602 622 785 658 conditor
808 622 928 658 Urbis
950 626 1035 658 erat
1054 634 1062 664 ;

160 687 191 721 si
212 684 348 720 Venus
371 683 538 719 Aenean
557 682 721 731 gravida
740 687 978 718 temerasset
997 683 1038 716 in
1058 680 1158 725 alvo,

216 744 448 781 Caesaribus
469 742 590 779 tellus
611 743 706 778 orba
726 741 861 778 futura
880 741 968 778 fuit.

160 810 205 842 tu
227 817 399 854 quoque,
422 817 511 839 cum
533 816 668 851 posses
689 805 796 838 nasci
817 801 1000 846 formosa,
1022 803 1204 850 perisses,

215 869 470 913 temptasset,
492 863 598 913 quod
620 868 677 907 111,
700 865 730 899 si
751 867 821 898 tua
841 867 971 898 mater
992 873 1115 910 0pus3
1318 859 1367 896 20

161 928 246 975 ipse
269 938 357 974 ego,
380 937 470 960 cum
493 923 637 959 fuerim
658 922 802 959 melius
823 924 1024 971 periturus
1045 920 1230 965 amando,

217 985 402 1021 vidissem
425 983 555 1020 nullos
576 988 703 1019 matre
725 987 897 1018 necante
918 981 1014 1018 dies.

163 1044 273 1090 Quid
294 1044 456 1093 plenam
477 1043 637 1079 fraudas
659 1045 782 1079 vitem
804 1042 1077 1078 crescentibus
1099 1042 1196 1085 uvis,

217 1118 414 1154 pomaque
437 1103 588 1139 crudeli
610 1102 722 1139 vellis
742 1102 884 1139 acerba
904 1115 1025 1137 manu
1042 1102 1056 1137 ?

165 1170 308 1214 sponte
329 1163 455 1200 fluant
475 1168 629 1199 matura
651 1165 862 1199 sua—sine
885 1174 1063 1198 crescere.
1085 1165 1179 1196 nata
1197 1173 1205 1203 3
1319 1160 1367 1196 25

218 1230 280 1261 est
300 1226 476 1273 pretium
497 1236 641 1272 parvae
662 1236 744 1258 non
764 1222 853 1258 leve
873 1224 955 1257 vita
978 1233 1122 1257 morae.

165 1290 296 1322 vestra
312 1284 408 1334 quid
429 1283 601 1320 effoditis
622 1283 812 1319 subiectis
833 1284 982 1318 viscera
1002 1280 1106 1325 telis,

219 1350 261 1382 et
282 1344 462 1381 nondum
484 1346 588 1380 natis
609 1343 694 1379 dira
716 1355 871 1379 venena
892 1341 1025 1378 datis?

165 1404 355 1441 Colchida
376 1417 597 1453 respersam
618 1416 833 1452 puerorum
854 1404 1048 1451 sanguine
1070 1400 1235 1450 culpant

217 1470 339 1514 atque.
360 1477 429 1500 sua
450 1476 608 1500 caesum
629 1467 757 1499 matre
777 1467 1001 1511 queruntur
1023 1460 1116 1510 Ityn
1136 1474 1144 1504 3
1320 1460 1369 1497 30

165 1530 332 1574 utraque
354 1538 470 1561 saeva
490 1536 646 1572 parens,
668 1522 738 1559 sed
758 1522 939 1558 tristibus
959 1526 1128 1571 utraque
1150 1524 1275 1558 causis

218 1588 369 1621 iactura
389 1587 483 1621 socii
503 1585 707 1632 sanguinis
728 1582 813 1618 ulta
833 1584 971 1618 virum.

163 1645 300 1691 dicite,
321 1647 408 1694 quis
429 1644 592 1689 Tereus,
614 1645 701 1692 quis
722 1656 789 1679 vos
810 1644 951 1678 inritet
972 1641 1059 1678 Iaso

219 1705 341 1754 figere
363 1704 532 1741 sollicita
552 1716 715 1753 corpora
734 1707 866 1739 vestra
885 1702 1034 1738 manu?

164 1765 239 1802 hoc
260 1778 392 1814 neque
413 1767 454 1800 in
476 1764 677 1800 Armeniis
697 1765 822 1811 tigres
843 1761 976 1798 fecere
997 1761 1173 1806 latebris,
1319 1761 1368 1797 35

218 1825 388 1875 perdere
409 1838 484 1861 nec
504 1823 611 1861 fetus
632 1836 725 1859 ausa
745 1822 885 1859 leaena
906 1835 1005 1858 suos.

208 1924 224 1937 st
247 1917 450 1955 Deucalion,
479 1917 557 1947 who
588 1914 753 1947 survived
784 1915 845 1946 the
878 1913 980 1952 flood,
1010 1913 1079 1945 and
1115 1913 1201 1945 with
1234 1913 1371 1955 Pyrrha.

165 1961 325 2036 ἶξῐὲῗέῑεᾶ
356 1961 417 1993 the
442 1971 520 1991 raoe
555 1959 601 2001 by
631 1959 768 1999 casting
798 1961 916 1989 stones
946 1957 1135 1989 backward
1167 1967 1250 1988 over
1278 1956 1370 1988 their

166 2075 244 2108 424
