1409 2282
625 128 765 168 OVID

94 234 172 273 Cur
192 242 329 273 tamen
351 237 534 273 Actiacas
554 239 739 273 miseram
759 250 823 273 me
844 239 972 273 mittis
992 236 1042 273 ad
1062 250 1160 281 oras,
1222 236 1295 273 185

148 310 238 333 cum
259 296 474 346 profugum
494 300 618 346 possis
639 300 723 346 ipse
744 296 894 333 referre
915 297 1090 346 pedem?

93 362 138 394 tu
160 357 257 393 mihi
282 357 481 393 Leucadia
501 362 615 406 potes
637 370 722 393 esse
744 357 936 393 salubrior
957 357 1064 393 unda
1083 369 1091 401 ;

149 422 191 454 et
211 417 337 453 forma
358 422 400 453 et
419 420 572 453 meritis
592 422 637 453 tu
658 417 755 452 mihi
779 417 962 453 Phoebus
984 419 1070 453 eris.

93 491 144 513 an
164 483 292 526 potes,
314 491 336 513 o
357 477 528 526 scopulis
549 475 736 527 undaque
757 476 926 513 ferocior
945 460 1081 522 onmi,1

149 539 180 573 si
201 540 358 583 moriar,
379 536 544 573 titulum
564 539 703 573 mortis
724 536 872 573 habere
894 538 1037 573 meae?
1224 537 1298 573 190

94 602 136 634 at
156 602 307 647 quanto
327 597 470 634 melius
490 599 602 646 iungi
622 610 711 633 mea
732 602 895 645 pectora
914 602 1050 633 tecum

148 670 267 707 quam
288 662 477 706 poterant
497 660 597 693 saxis
618 657 917 706 praecipitanda
937 657 1043 694 dari!

94 717 193 754 11360
214 723 308 754 sunt
327 717 406 763 illa,
430 717 578 762 Phaon,
600 730 701 767 quae
722 722 766 753 tu
787 717 949 754 laudare
970 717 1136 763 solebas,

148 780 310 827 visaque
331 782 426 814 sunt
445 780 595 814 totiens
615 780 823 826 ingeniosa
842 778 926 814 tibi.

95 851 202 874 nunc
223 837 370 874 vellem
391 837 563 874 facunda
583 836 732 874 forem!
763 837 876 873 dolor
888 838 1039 874 artibus
1055 838 1199 882 obstat,
1226 837 1298 873 195

149 900 438 947 ingeniumque
458 900 557 933 meis
578 898 759 934 substitit
779 910 897 934 omne
918 897 1041 934 malis.

97 972 177 994 non
200 958 299 994 mihi
320 958 567 1007 respondent
587 962 745 994 veteres
765 960 805 993 in
827 960 1001 993 carmina
1021 960 1146 1001 vires,

152 1018 306 1068 plectra
327 1017 464 1054 dolore
484 1023 635 1063 tacent,
656 1023 769 1054 muta
789 1017 926 1054 dolore
947 1018 1031 1067 lyra
1053 1023 1124 1054 est.

98 1078 290 1115 Lesbides
310 1091 546 1127 aequoreae,
568 1083 822 1127 nupturaque
844 1083 1050 1127 nuptaque
1071 1078 1214 1127 proles,

151 1138 355 1183 Lesbides,
378 1138 519 1174 Aeolia
539 1141 700 1174 nomina
721 1138 828 1174 dicta
848 1138 944 1188 lyra,
1225 1137 1301 1174 200

98 1198 303 1244 Lesbides,
326 1197 517 1234 infamem
538 1211 639 1248 quae
661 1211 724 1234 1116
746 1197 897 1234 fecistis
917 1198 1103 1243 ainatae,2

151 1259 325 1295 desinite
346 1258 397 1295 ad
419 1258 591 1294 citharas
611 1259 728 1294 turba
749 1261 885 1294 venire
905 1259 1037 1294 meas!

96 1319 263 1356 abstulit
284 1331 402 1355 omne
426 1318 574 1363 Phaon,
597 1318 704 1368 quod
725 1319 834 1355 vobis
855 1324 949 1355 ante
970 1318 1168 1367 placebat,

150 1392 214 1416 me
235 1382 434 1424 miseram,
454 1378 536 1415 dixi
557 1392 676 1428 quam
696 1379 815 1415 modo
835 1392 964 1428 paene
986 1383 1009 1399 “
1025 1379 1160 1415 meus!
1177 1379 1198 1390 ”

97 1439 242 1476 efficite
263 1444 308 1475 ut
329 1438 493 1482 redeat3
521 1444 634 1475 vates
655 1452 813 1488 quoque
834 1444 965 1476 vestra
986 1438 1144 1475 redibit.
1225 1439 1300 1476 205

150 1501 314 1548 ingenio
335 1501 437 1535 vires
457 1498 525 1535 ille
547 1498 629 1543 dat,
651 1499 717 1535 ille
738 1501 853 1547 rapit.

98 1558 253 1608 Ecquid
273 1571 349 1607 ago
369 1559 565 1607 precibus,
588 1564 779 1607 pectusve
800 1563 959 1607 agreste
980 1560 1192 1595 movetur?

151 1626 202 1648 an
216 1612 230 1635 3
251 1615 369 1661 riget,
392 1618 433 1649 et
455 1612 626 1662 Zephyri
647 1613 767 1648 verba
788 1612 935 1648 caduca
957 1612 1120 1649 ferunt?

98 1669 166 1716 qui
186 1679 275 1702 mea
295 1667 415 1703 verba
436 1666 585 1711 ferunt,
607 1666 753 1702 vellem
774 1672 843 1703 tua
864 1666 949 1702 vela
970 1665 1194 1710 referrent;

152 1720 226 1756 hoc
247 1726 302 1766 te,
324 1723 355 1757 si
376 1734 548 1770 saperes,
569 1720 694 1765 lente,
716 1720 887 1756 decebat
907 1734 1016 1769 opus.
1225 1721 1301 1757 210

100 1778 183 1811 sive
205 1774 323 1820 redis,
345 1778 550 1824 puppique
571 1780 664 1811 tuae
686 1778 818 1811 votiva
838 1780 1031 1823 parantur
1044 1776 1058 1798 4

153 1842 332 1874 munera,
355 1829 453 1878 quid
474 1829 623 1865 laceras
643 1834 806 1878 pectora
827 1834 961 1865 nostra
983 1831 1120 1865 mora?

275 1898 283 1916 ¹
309 1899 401 1929 omni
421 1899 468 1930 F:
496 1899 555 1930 1113
574 1912 598 1930 ς.

273 1940 286 1960 ²
309 1946 446 1973 amatae
468 1943 513 1973 F:
540 1953 656 1973 amare
673 1942 803 1974 others:
828 1953 944 1973 amore
962 1942 1145 1974 Baehrens.

275 1985 287 2005 ³
310 1996 353 2016 311
372 1986 453 2017 Pa.:
481 1986 526 2016 A!
546 1986 739 2017 Baehrem:
765 1987 863 2027 piget
886 1986 919 2017 F,

276 2028 287 2046 ⁴
312 2037 482 2070 parantur
500 2043 514 2061 ς
531 2042 536 2060 ;
562 2040 725 2070 pai-anius
743 2030 816 2060 Fen.

106 2104 179 2139 194
