1409 2282
655 87 794 124 OVID

122 191 227 241 quod
248 197 385 229 tamen
407 206 428 229 e
449 193 562 229 nobis
583 193 744 242 gravida
765 192 917 230 celatur
936 196 976 229 in
997 193 1097 239 alvo,

175 260 294 303 vivat,
316 263 358 294 et
379 258 558 295 eiusdem
578 261 699 295 simus
720 263 889 308 uterque
911 272 1054 308 parens
1072 259 1079 295 i
1099 259 1120 270 '’

123 323 348 368 Hactenus,
369 329 411 360 et
430 323 600 360 lacrimis
620 327 661 360 in
682 323 780 360 falsa
800 323 1036 361 cadentibus
1057 338 1123 361 ora

176 394 310 425 cetera
330 394 371 425 te
392 392 557 425 memini
577 402 658 425 non
679 392 855 438 potuisse
880 389 998 439 loqui.

126 453 300 490 Ultimus
322 467 343 490 e
364 457 477 490 sociis
497 467 647 490 sacram
668 454 901 491 conscendis
922 457 962 491 in
986 455 1133 504 Argon.

176 519 243 555 illa
262 519 392 564 volat;
422 525 566 556 ventus
587 533 758 556 concava
779 520 866 556 vela
885 526 1001 557 tenet
1020 533 1028 563 ;

122 585 279 622 caerula
298 585 507 635 propulsae
528 585 763 622 subducitur
782 586 889 622 unda
909 589 1064 623 carinae
1083 599 1091 630 ;

175 655 281 687 terra
301 651 388 696 tibi,
408 652 522 688 nobis
542 651 817 700 adspiciuntur
836 665 972 702 aquae.

122 718 162 751 in
182 715 286 752 latus
307 730 425 753 omne
446 722 588 766 patens
608 720 726 753 turris
748 720 1016 766 circumspicit
1036 717 1162 753 undas

1181 730 1189 760 xa-

176 781 253 818 huc
274 781 390 827 feror,
413 787 454 818 et
474 782 644 819 lacrimis
665 795 787 832 osque
808 785 996 832 sinusque
1017 782 1192 819 madent.

122 860 193 896 per
212 847 391 884 lacrimas
412 853 563 897 specto,
585 847 833 897 cupidaeque
854 847 1029 884 faventia
1049 851 1177 885 menti

175 912 332 961 longius
352 912 520 949 adsueto
540 913 691 949 lumina
711 918 845 950 nostra
865 913 1015 950 vident.

121 977 224 1014 adde
246 991 384 1027 preces
405 984 531 1015 castas
551 981 799 1028 inmixtaque
821 984 912 1014 vota
932 981 1118 1015 timori—-

176 1057 282 1080 nunc
303 1057 461 1094 quoque
482 1050 523 1081 te
545 1044 651 1080 salvo
671 1044 937 1093 persoluenda
958 1044 1066 1080 mihi.

122 1109 225 1146 Vota
246 1123 321 1159 ego
341 1110 590 1159 persolvam?
648 1113 749 1146 votis
771 1109 918 1146 Medea
938 1109 1115 1146 fruetur!

176 1188 242 1211 cor
261 1175 385 1221 dolet,
406 1181 527 1225 atque
548 1178 603 1211 ira
623 1178 771 1212 mixtus
791 1175 970 1212 abundat
990 1189 1107 1211 arnor.

120 1240 225 1277 dona
248 1241 374 1278 feram
394 1241 569 1291 templis,
590 1244 722 1278 vivum
742 1241 848 1291 quod
871 1241 1010 1277 Iasona
1030 1241 1184 1290 perdo?

175 1305 305 1343 hostia
325 1321 395 1356 pro
415 1307 570 1344 damnis
591 1306 776 1343 concidat
796 1309 874 1343 icta
894 1310 993 1343 meis
1011 1307 1025 1342 ?

123 1373 213 1409 Non
234 1373 421 1422 equidem
442 1386 579 1409 secura
599 1372 656 1410 fui
676 1386 913 1422 semperque
933 1373 1109 1418 verebar,

175 1452 226 1474 ne
247 1443 361 1487 pater
381 1438 567 1487 Argolica
586 1442 762 1474 sumeret
782 1439 878 1474 urbe
899 1451 1053 1474 nurum.

122 1504 333 1553 Argolidas
353 1506 663 1540 timui—nocuit
682 1503 780 1539 mihi
800 1504 963 1540 barbara
984 1503 1124 1552 paelex
1141 1504 1147 1539 !

175 1583 255 1605 non
277 1575 489 1618 expectata
509 1569 652 1606 vulnus
672 1570 721 1606 ab
742 1569 857 1606 hoste
878 1569 963 1606 tuli.

121 1648 196 1671 nec
217 1634 318 1671 facie
338 1637 570 1684 meritisque
592 1634 736 1684 placet,
758 1635 829 1671 sed
849 1638 1023 1671 carmina
1051 1637 1163 1671 novit

175 1697 340 1747 diraque
361 1702 522 1734 cantata
542 1697 687 1746 pabula
706 1697 808 1734 falce
828 1701 958 1734 metit.

122 1760 188 1796 illa
208 1760 478 1797 reluctantem
500 1773 615 1797 cursu
633 1760 645 1783 ¹
667 1760 868 1798 deducere
888 1760 1023 1797 lunam

175 1826 319 1860 nititur
340 1829 381 1860 et
402 1824 581 1860 tenebris
602 1823 750 1860 abdere
772 1823 863 1860 solis
885 1836 1007 1873 equos
1026 1836 1034 1867 3

425 1907 434 1926 ¹
460 1919 563 1939 cursu
581 1908 687 1939 PEw
705 1921 710 1939 ε
738 1919 841 1939 curru
861 1922 874 1940 s
894 1908 995 1940 Hein.

360 1993 376 2005 ‘¹
398 1986 496 2017 Built
512 1990 550 2017 at
568 1986 627 2017 the
644 1987 851 2027 instigation
869 1986 904 2017 of
927 1986 1071 2018 Athena.

1274 455 1323 491 65

1274 1438 1324 1474 80

1272 1761 1294 1796 oe

1299 1761 1321 1796 O!
