1445 2297
698 81 837 119 OVID

162 189 267 226 Ecce
288 202 436 225 novum
457 190 609 224 crimen
627 188 634 223 ἔ
666 187 803 223 sollers
824 199 964 223 ornare
986 185 1168 235 Cypassis

216 250 387 286 obicitur
407 248 593 284 dominae
614 252 909 283 contemerasse
929 251 1072 282 torum.

161 309 202 345 di
223 309 379 353 melius,
402 321 521 358 quam
541 321 619 353 me,
642 310 673 344 si
694 310 745 344 sit
765 320 951 356 peccasse
972 305 1108 350 libido,

218 369 376 406 sordida
397 373 655 417 contemptae
677 369 792 404 sortis
812 369 938 403 amica
958 369 1069 402 iuvet
1087 365 1094 401 ἱ
1321 364 1371 401 20

163 432 250 480 quis
272 429 440 466 Veneris
462 427 635 464 famulae
657 428 827 464 conubia
846 426 948 463 liber
967 428 1068 462 inire

216 495 412 539 tergaque
433 488 635 538 conplecti
655 488 822 524 verbere
844 492 953 524 secta
973 486 1099 523 velit?

160 549 278 595 adde,
300 549 408 599 quod
429 547 618 586 ornandis
639 547 707 584 illa
730 553 791 584 est
813 552 977 597 operata
999 545 1150 596 capillis

218 615 260 646 et
280 610 354 646 tibi
375 608 568 658 perdocta
590 613 651 645 est
671 612 785 657 grata
805 609 987 644 ministra
1007 620 1185 642 manu—

163 670 316 707 scilicet
337 669 535 714 ancillam,
557 681 658 718 quae
680 673 763 705 tam
783 668 857 704 tibi
878 666 985 713 fida,1
1006 679 1188 716 rogarem
1206 666 1213 702 ἔ
1322 666 1371 701 25

217 730 326 780 quid,
348 732 423 765 nisi
444 735 490 765 ut
510 728 658 765 indicio
678 731 814 764 iuncta
834 727 993 777 repulsa
1019 726 1154 763 foret?

162 804 234 840 per
256 790 457 827 Venerem
478 792 564 825 iuro
584 791 777 839 puerique
799 787 969 824 volatilis
989 800 1114 832 arcus,

216 864 281 887 me
303 864 383 886 non
404 849 565 886 admissi
586 851 761 886 criminis
783 861 868 885 esse
890 861 1003 884 reum
1022 847 1028 883 ἱ

718 1015 819 1051 VIII

165 1128 366 1164 PoNEans
387 1130 428 1164 in
447 1127 557 1164 mille
578 1127 717 1164 modos
737 1126 918 1176 perfecta
938 1125 1102 1175 capillis,

190 1219 200 1226 .
218 1202 376 1225 comere
397 1188 468 1225 sed
490 1188 591 1225 solas
608 1188 747 1240 digna,
770 1187 944 1237 Cypassi,
967 1186 1074 1231 deas,

164 1255 206 1286 et
226 1249 324 1285 mihi
344 1248 520 1285 iucundo
540 1261 621 1284 non
640 1250 788 1284 rustica
809 1249 970 1296 cognita
989 1246 1109 1291 furto,

217 1315 311 1358 apta
332 1309 496 1359 quidem
516 1308 715 1353 dominae,
737 1307 807 1344 sed
827 1310 955 1356 magis
974 1311 1068 1356 apta
1093 1305 1248 1342 mihi—

163 1372 251 1419 quis
272 1368 349 1406 fuit
370 1372 476 1406 inter
496 1382 567 1405 nos
589 1370 726 1405 sociati
747 1370 920 1417 corporis
940 1366 1090 1404 index?

218 1432 343 1466 sensit
364 1429 600 1465 concubitus
620 1428 728 1465 unde
751 1427 923 1464 Corinna
943 1427 1061 1464 tuos?

163 1503 260 1525 num
281 1495 419 1526 tamen
441 1489 609 1525 erubui?
639 1501 749 1534 num,
770 1488 892 1524 verbo
912 1487 1045 1536 lapsus
1065 1489 1106 1522 in
1127 1485 1221 1531 ullo,

217 1548 388 1586 furtivae
410 1549 578 1585 Veneris
600 1551 756 1584 conscia
777 1550 890 1597 signa
910 1547 1032 1584 dedi?

164 1608 286 1654 Quid,
309 1608 416 1658 quod
436 1611 477 1644 in
497 1607 641 1644 ancilla
662 1610 783 1657 siquis
803 1607 1039 1656 delinquere
1060 1608 1196 1655 possit,

218 1668 331 1704 illum
353 1681 429 1717 ego
450 1667 642 1704 contendi
662 1672 801 1704 mente
822 1680 956 1703 carere
977 1667 1108 1703 bona?
1323 1665 1370 1701 10

163 1728 377 1771 Thessalus
396 1727 565 1764 ancillae
585 1727 687 1764 facie
709 1726 907 1763 Briseidos
927 1729 1023 1763 arsit
1041 1739 1049 1770 ;

217 1802 329 1825 serva
350 1788 574 1838 Mycenaeo
595 1787 776 1824 Phoebas
795 1792 926 1823 amata
946 1786 1048 1823 duci.

162 1861 237 1884 nec
259 1861 347 1884 sum
368 1860 444 1897 ego
464 1847 677 1884 Tantalide
698 1849 833 1892 maior,
855 1859 929 1883 nec
949 1849 1074 1882 maior
1095 1845 1278 1889 Achille3

217 1907 325 1957 quod
345 1907 482 1944 decuit
502 1920 630 1956 reges,
653 1920 722 1943 cur
741 1906 839 1942 mihi
858 1911 977 1955 turpe
998 1911 1138 1955 putem
1155 1907 1169 1942 ?

1348 1366 1370 1401 01

229 1988 239 2008 ¹
263 1990 308 2022 So
325 1989 452 2021 ΛἸῙενᾸκε
478 1990 537 2030 qui
555 1992 631 2020 erat
650 1989 702 2020 P:
728 1999 817 2030 quae
835 1989 881 2020 sit
901 1988 1000 2028 vulfs:
1026 1989 1109 2029 quia
1126 1992 1202 2020 erat
1220 1988 1287 2020 Pa.

165 2063 243 2096 404
