1409 2282
669 73 809 111 OVID

699 285 781 322 XII

583 376 733 411 MEDEA
769 375 902 411 IASONI

136 464 199 500 AT
219 464 294 500 tibi
315 463 566 510 Colchorum,
586 467 767 509 memini,
787 466 927 513 regina
948 466 1096 509 vacavi,

189 540 251 564 ars
270 540 359 563 mea
381 540 471 563 cum
491 532 652 576 peteres
672 532 718 563 ut
737 526 812 563 tibi
831 525 957 563 ferret
977 539 1106 575 opem.

135 595 233 627 tunc
253 603 355 639 quae
376 589 612 639 dispensant
631 589 814 626 mortalia
833 588 916 626 fata
932 589 945 612 1
967 601 1120 626 sorores

190 652 416 690 debuerant
434 652 542 689 fusos
564 652 760 690 evoluisse
780 665 902 690 meos.

135 721 224 753 tum
244 718 358 765 potui
380 715 526 752 Medea
547 719 645 752 mori
665 715 793 752 bene!
825 714 1020 765 quidquid
1039 715 1090 751 ab
1113 714 1182 751 illo

192 778 361 828 produxi
380 782 504 816 vitam
517 779 531 802 2
550 784 749 828 tempore,
770 791 900 827 poena
920 777 1008 815 fuit.

138 841 186 878 Ei
205 841 305 877 mihi
324 842 330 877 l
362 855 432 878 cur
450 855 639 891 umquam
660 840 911 878 iuvenalibus
931 846 1019 878 acta
1038 840 1199 878 lacertis

194 904 406 941 Phrixeam
426 907 546 954 petiit
570 904 696 941 Pelias
717 905 833 940 arbor
853 917 968 940 ovem
985 905 998 940 Ρ

1322 715 1344 751 01

139 982 209 1005 cur
229 981 419 1018 uniquam
441 968 577 1004 Colchi
601 967 837 1017 Magnetida
858 967 1028 1004 vidimus
1049 967 1201 1016 Argon,

193 1032 391 1082 turbaque
414 1031 645 1068 Phasiacam
667 1031 786 1067 Graia
806 1031 962 1067 bibistis
983 1032 1155 1080 aquam?
1297 1030 1346 1067 10

140 1105 210 1129 cur
229 1091 328 1128 mihi
349 1091 438 1141 plus
458 1105 586 1141 aequo
607 1091 694 1127 flaw'
716 1091 903 1140 placuere
925 1091 1058 1140 capilli

196 1157 237 1189 et
258 1152 379 1188 decor
401 1157 442 1188 et
462 1151 624 1201 linguae
645 1155 773 1201 gratia
794 1151 886 1188 ficta
905 1156 999 1187 tuae
1016 1152 1030 1187 ?

141 1218 223 1257 aut,
245 1212 369 1249 semel
390 1215 431 1248 in
452 1217 607 1249 nostras
629 1215 817 1262 quoniam
837 1225 939 1248 nova
958 1214 1103 1261 puppis
1124 1211 1292 1248 harenas

198 1277 364 1309 venerat
386 1272 546 1309 audacis
567 1272 840 1322 attuleratque
861 1274 977 1317 viros,

141 1335 237 1370 isset
258 1332 466 1369 anhelatos
488 1346 569 1368 non
589 1332 909 1381 praemedicatus
929 1334 971 1368 in
991 1335 1105 1381 ignes
1298 1332 1345 1368 15

196 1395 393 1429 inmemor
413 1392 637 1429 Aesonides
658 1405 805 1442 oraque
826 1391 968 1429 adusta
988 1393 1109 1429 boum
1132 1405 1140 1436 ;

141 1456 292 1490 semina
313 1452 504 1498 iecissetj3
531 1452 784 1503 totidemque
806 1458 847 1489 et
861 1452 876 1475 4
905 1455 1057 1489 semina
1081 1458 1123 1490 et
1142 1452 1292 1498 hostes,

196 1517 241 1549 ut
262 1512 425 1549 caderet
446 1512 556 1549 cultu
579 1512 708 1549 cultor
728 1513 777 1548 ab
797 1515 882 1561 ipse
907 1525 977 1549 suo
995 1513 1002 1548 !

143 1578 339 1623 quantum
360 1572 550 1622 perfidiae
571 1577 719 1618 tecum,
741 1572 948 1617 scelerate,
969 1575 1152 1621 perisset,

199 1633 365 1682 dempta
384 1632 519 1669 forent
540 1635 661 1682 capiti
682 1646 800 1682 quam
820 1632 924 1668 mala
943 1632 1071 1669 multa
1090 1646 1181 1669 meo
1200 1633 1206 1669 !
1298 1633 1347 1670 20

232 1719 241 1737 ¹
267 1719 342 1751 fata
361 1720 444 1751 Gw:
471 1719 566 1751 faeta
585 1719 618 1750 P
634 1732 641 1750 z
666 1718 724 1750 fila
743 1732 757 1751 ς
775 1718 879 1750 Hein.
900 1719 968 1750 Pa.
1073 1718 1086 1737 ²
1111 1719 1204 1750 vitae
1223 1734 1255 1750 ω.

231 1763 244 1782 ³
267 1764 405 1794 iecisset
425 1763 457 1794 P
470 1764 519 1795 G:
545 1763 709 1794 sensisset
729 1775 763 1794 s:
790 1763 937 1794 sevisset
954 1762 1058 1793 Hein.
1081 1762 1189 1794 Merk.
1213 1763 1279 1794 Pa.

231 1807 244 1826 ⁴
267 1806 486 1848 totidemque
503 1810 538 1838 et
556 1807 589 1838 P
605 1820 612 1838 ι
637 1806 787 1838 totidem
804 1805 898 1848 quod
917 1806 946 1837 G
962 1818 968 1837 :
994 1810 1081 1847 quot
1103 1806 1169 1838 Pa.

187 1892 202 1905 ‘¹
227 1884 353 1916 Medea
369 1884 491 1926 begins
514 1865 700 1925 suddenly,
720 1895 757 1916 as
783 1884 810 1915 if
832 1885 868 1915 in
892 1894 1027 1915 answer
1051 1888 1088 1915 to
1111 1895 1132 1915 a
1156 1883 1285 1915 refusal
1312 1883 1348 1915 of

145 1929 254 1961 Jason
271 1933 309 1959 to
328 1928 435 1959 listen
451 1933 488 1959 to
505 1928 567 1959 her
582 1927 671 1969 plea.

190 1971 376 2014 Euripides
397 1975 506 2003 wrote
533 1982 552 2003 a
579 1971 716 2010 Medea,
745 1971 814 2003 and
843 1981 911 2003 was
936 1970 1099 2003 followed
1124 1970 1171 2013 by
1197 1970 1343 2010 Ennius,

152 2047 221 2081 142

1401 1957 1403 1965 .

1400 2015 1402 2024 ι
