1445 2297
699 79 839 117 OVID

166 187 227 224 Ne
248 192 386 224 tamen
407 189 601 236 ignorem,
623 186 719 236 quid
740 199 846 235 agas,
867 186 917 222 ad
938 185 1076 222 limina
1096 185 1234 222 crebro

218 260 358 294 anxius
381 257 458 294 huc
479 257 573 294 illuc
594 256 894 294 dissimulanter
914 270 961 293 eo
981 269 989 300 ;
1293 255 1368 291 130

166 330 387 379 subsequor
406 329 591 365 ancillam
612 328 751 365 furtim
772 328 1047 378 famulumque
1068 330 1288 377 requirens,

218 400 443 451 profuerint
464 403 591 437 somni
613 400 708 450 quid
729 401 803 437 tibi
824 399 970 450 quidve
991 400 1078 435 cibi.

164 487 229 510 me
249 476 452 519 miserum,
477 473 583 523 quod
606 486 685 508 11011
706 472 954 508 medicorum
974 474 1077 508 iussa
1099 473 1296 517 ministro,

220 545 445 595 effingoque
466 558 619 589 manus,
641 543 875 593 insideoque
896 549 984 580 toro
1001 544 1008 579 !

165 621 208 653 et
228 629 361 652 rursus
381 618 584 659 miserum,
606 615 713 665 quod
734 628 798 651 me
819 614 956 664 procul
979 614 1072 651 inde
1094 618 1261 659 remoto,
1295 614 1369 650 135

220 700 340 737 quem
360 689 526 722 minime
548 686 706 731 vellem,
729 685 896 722 forsitan
916 685 1020 722 alter
1040 685 1178 722 adest!

165 758 233 795 ille
253 770 394 794 manus
416 760 510 794 istas
531 757 696 807 effingit,
719 762 760 794 et
780 757 938 793 adsidet
958 770 1101 806 aegrae

219 831 368 865 invisus
389 830 541 878 superis
563 842 653 864 cum
674 830 908 878 superisque
935 827 1046 873 mihi,

165 900 342 950 dumque
364 913 434 936 suo
454 905 632 949 temptat
652 899 864 936 salientem
885 899 1030 948 pollice
1051 912 1208 943 venam,

218 972 388 1008 candida
408 985 480 1021 per
499 984 657 1008 causam
677 971 860 1007 bracchia
879 984 998 1020 saepe
1018 975 1147 1016 tenet,
1298 970 1373 1006 140

166 1048 472 1093 contrectatque
494 1046 615 1088 sinus,
637 1048 678 1079 et
699 1042 865 1079 forsitan
886 1041 1019 1079 oscula
1038 1044 1180 1091 iungit.

220 1115 346 1151 officio
366 1128 520 1151 merces
540 1114 697 1164 plenior
717 1117 791 1150 ista
812 1127 882 1150 5110
910 1119 972 1150 est
989 1114 995 1149 3

166 1185 266 1232 Quis
286 1187 360 1222 tibi
382 1188 562 1235 permisit
584 1190 739 1222 nostras
760 1197 1021 1234 praecerpere
1042 1197 1193 1221 messes
1210 1185 1223 1220 ?

219 1257 270 1293 ad
292 1270 381 1306 spes
401 1256 565 1293 alterius
586 1259 673 1306 quis
694 1257 766 1293 tibi
789 1255 886 1292 fecit
907 1258 985 1292 iter
1002 1256 1016 1291 ?

165 1325 241 1360 iste
263 1326 371 1360 sinus
391 1336 504 1359 meus
526 1328 587 1360 est
606 1323 613 1359 !
643 1336 733 1359 mea
753 1325 927 1372 turpiter
947 1321 1080 1358 oscula
1101 1321 1244 1358 sumis!
1298 1320 1372 1357 145

219 1402 242 1424 a
261 1388 359 1425 mihi
381 1391 573 1438 promisso
594 1401 758 1437 corpore
779 1387 877 1424 tolle
897 1387 1061 1424 manus!

165 1455 345 1504 inprobe,
369 1454 467 1491 tolle
498 1456 661 1491 manus!
701 1468 820 1504 quam
846 1457 991 1503 tangis,
1017 1459 1152 1490 nostra
1185 1452 1320 1489 futura

274 1525 359 1564 est3

220 1582 432 1632 postmodo
453 1585 483 1619 51
504 1582 625 1619 facies
646 1583 766 1628 istud,
788 1582 948 1619 adulter
968 1585 1055 1619 eris.

166 1648 271 1698 elige
292 1648 343 1685 de
364 1651 496 1684 vacuis
518 1661 637 1698 quam
658 1662 738 1684 non
760 1649 833 1684 sibi
854 1647 1032 1684 vindicet
1053 1647 1156 1684 alter
1175 1661 1183 1691 ;

221 1717 252 1751 51
272 1716 413 1760 1165615,
435 1713 642 1750 dominum
664 1727 725 1750 res
746 1713 869 1750 habet
889 1716 965 1750 ista
985 1726 1110 1750 suum.
1299 1712 1374 1749 150

166 1794 241 1817 nec
261 1780 359 1816 mihi
379 1779 846 1816 credideris—recitetur
864 1778 1033 1815 formula
1053 1781 1183 1828 pacti3

222 1859 300 1882 neu
322 1844 461 1882 falsam
482 1845 589 1881 dicas
611 1858 710 1890 esse,
731 1844 793 1881 fac
814 1848 897 1894 ipsa
918 1844 1029 1894 legat
1048 1844 1055 1880 !

166 1911 331 1948 alterius
351 1910 540 1955 thalamo,
561 1912 635 1947 tibi
656 1924 741 1957 nos,
761 1911 834 1947 tibi
856 1910 1037 1955 dicimus,
1059 1913 1121 1946 exi
1139 1911 1146 1946 l

221 1977 318 2027 quid
339 1976 434 2013 facis
456 1976 548 2012 hic?
579 1979 641 2013 exi
662 1977 668 2012 !
700 1990 779 2012 non
801 1981 915 2013 vacat
934 1978 1010 2013 iste
1031 1976 1164 2012 torus!

170 2050 246 2093 284
