1409 2282
666 65 805 102 OVID

132 170 285 207 scilicet
305 175 351 207 ut
371 175 531 207 teneros
551 170 720 207 laedunt
741 173 831 220 iuga
853 173 978 220 prima
999 173 1200 216 iuvencos,

186 224 380 282 frenaque
401 236 464 268 vix
486 236 638 282 patitur
658 233 708 269 de
729 246 853 282 grege
875 238 1014 282 captus
1036 245 1174 283 equus,

130 298 184 331 sic
205 295 308 331 male
328 298 473 345 vixque
493 296 601 332 subit
620 298 765 345 primos
786 295 883 332 rude
904 300 1045 344 pectus
1064 308 1230 342 amores,

185 360 416 407 sarcinaque
437 357 536 394 haec
557 361 689 394 animo
710 371 790 394 non
811 358 927 394 sedet
947 363 1040 407 apta
1060 371 1161 394 meo.

130 431 191 454 ars
211 417 268 463 fit,
289 419 356 454 ubi
377 431 398 453 3
419 420 568 454 teneris
590 421 740 454 crimen
762 417 1004 454 condiscitur
1019 421 1156 461 annis;

184 493 286 530 quae
302 480 314 503 1
336 483 448 517 venit
468 485 608 517 exacto
627 485 822 530 tempore,
843 483 955 529 peius
975 486 1092 518 amat.

132 548 176 579 tu
197 556 299 579 nova
319 548 498 580 servatae
520 556 656 593 carpes
677 543 867 580 libamina
888 543 1030 588 famae,

185 611 227 642 et
247 609 396 655 pariter
416 611 596 643 nostrum
618 606 687 643 fiet
707 611 877 656 uterque
900 619 1059 643 nocens.

132 674 193 705 est
213 669 376 719 aliquid,
397 669 527 718 plenis
548 672 723 718 pomaria
744 682 905 718 carpere
935 672 1065 714 ramis,

186 737 228 768 et
248 735 363 768 tenui
383 735 551 781 primam
572 732 761 781 delegere
782 745 917 781 ungue
938 745 1077 768 rosam.

130 797 161 831 si
182 800 319 831 tamen
340 794 407 831 ille
429 798 546 844 prior,
567 808 646 844 quo
666 808 730 831 me
752 798 837 831 sine
859 798 1024 831 crimine
1045 797 1163 844 gessi,

184 857 333 893 candor
352 858 401 893 ab
424 857 584 893 insolita
604 857 693 894 labe
715 857 917 894 notandus
939 862 1038 903 erat,

130 923 172 954 at
193 919 296 954 bene
318 921 522 963 successit,
543 918 667 967 digno
688 918 794 968 quod
815 917 1019 954 adurimur
1040 920 1122 967 igni
1140 931 1148 961 ;

184 983 297 1029 peius
317 980 515 1017 adulterio
535 983 662 1029 turpis
683 980 842 1017 adulter
862 981 986 1017 obest.

129 1045 160 1079 si
180 1043 278 1078 mihi
300 1043 496 1079 concedat
518 1043 619 1079 Iuno
640 1043 884 1093 fratremque
907 1046 1126 1093 virumque,

185 1105 451 1155 Hippolytum
474 1105 609 1142 videor
628 1109 901 1155 praepositura
922 1105 1022 1142 lovi}

130 1168 215 1204 Iam
236 1171 515 1218 quoque—vix
536 1168 887 1218 credes—ignotas
908 1173 1041 1204 mutor
1060 1171 1101 1204 111
1122 1173 1227 1205 artes
1246 1181 1254 1212 ;

184 1237 246 1268 est
266 1231 363 1267 mihi
384 1245 456 1281 per
475 1244 610 1268 saevas
630 1234 804 1280 impetus
825 1234 881 1267 ire
903 1230 1016 1268 feras.

130 1297 207 1330 iam
227 1294 325 1330 mihi
346 1297 471 1343 prima
492 1294 567 1331 dea
581 1299 642 1331 est
662 1307 754 1330 arcu
775 1297 994 1344 praesignis
1015 1293 1171 1330 adunco

185 1357 303 1394 Delia
321 1370 329 1401 ;
359 1357 551 1393 iudicium
573 1357 792 1406 subsequor
811 1359 895 1406 ipsa
915 1362 1041 1393 tuum.

129 1422 170 1456 in
190 1433 332 1456 nemus
354 1423 409 1456 ire
431 1419 531 1456 libet
552 1422 776 1469 pressisque
797 1422 838 1455 in
859 1422 959 1456 retia
980 1422 1105 1455 cervis

183 1482 330 1519 hortari
352 1482 491 1519 celeris
512 1496 583 1531 per
603 1485 693 1531 iuga
715 1496 867 1518 summa
888 1495 1019 1527 canes,

128 1550 197 1581 aut
217 1545 435 1582 tremulum
456 1558 620 1581 excusso
641 1545 813 1581 iaculum
834 1546 985 1581 vibrare
1007 1544 1168 1589 lacerto,

182 1613 252 1644 aut
272 1610 312 1643 111
334 1610 538 1656 graminea
558 1620 707 1656 ponere
729 1620 870 1656 corpus
891 1607 1023 1645 humo.

128 1683 247 1719 saepe
269 1672 378 1706 iuvat
399 1683 553 1706 versare
574 1669 682 1706 leves
703 1673 743 1706 in
765 1670 929 1719 pulvere
951 1683 1086 1706 currus

183 1735 441 1779 torquentem
462 1729 584 1766 frenis
606 1743 671 1765 ora
690 1729 843 1779 fugacis
864 1733 980 1780 equi;

130 1803 237 1827 nunc
257 1789 373 1835 feror,
395 1795 440 1826 ut
462 1789 607 1826 Bacchi
628 1789 737 1826 furiis
759 1789 960 1826 Eleleides
974 1789 988 1812 2
1009 1794 1135 1834 actae,

184 1849 199 1873 3
214 1862 395 1899 quaeque
418 1850 490 1885 sub
512 1849 634 1885 Idaeo
655 1854 847 1899 tympana
867 1849 967 1886 colle
988 1854 1166 1893 movent,

260 1924 270 1944 ¹
296 1925 351 1956 eui
369 1925 472 1957 Hein.
494 1925 589 1956 Beni.
682 1924 695 1943 ²
720 1924 915 1967 Elelegides
933 1925 985 1956 P:
1012 1924 1165 1965 Eleidesl
1182 1937 1204 1956 5.

519 1967 532 1987 ³
554 1969 682 2000 48-103
698 1968 865 2009 lostfrom
884 1969 925 2001 P.

131 2032 180 2077 46

1287 419 1308 454 [Ο

1314 419 1336 454 Q!

1287 732 1336 769 30

1285 1043 1334 1079 35

1283 1357 1334 1393 40
