1409 2282
650 94 724 132 OV
729 94 789 131 ID

116 202 201 249 ipse
225 199 504 236 Menoetiades
524 205 624 245 tum,
645 213 735 236 cum
756 199 954 245 tradebar,
975 202 1015 235 in
1035 212 1170 236 aurem

172 264 196 280 “
212 260 308 309 quid
329 259 397 296 fles
415 261 428 296 ?
459 260 523 296 hic
544 273 663 308 parvo
683 259 904 308 tenipore,”
927 259 1041 303 dixit,
1063 263 1088 279 “
1101 259 1213 295 eris.''

118 319 204 356 Nec
224 322 417 368 repetisse
439 332 594 368 parum3
625 332 792 368 pugnas,
813 332 864 355 ne
886 318 1041 363 reddar,
1057 318 1231 356 Achille!
1269 320 1317 356 25

170 381 183 415 i
203 392 309 415 nunc
331 384 373 415 et
393 379 525 428 cupidi
547 392 695 415 nomen
716 381 885 415 amantis
906 378 1008 415 habe
1028 379 1035 414 !

116 444 315 475 venerunt
335 438 385 475 ad
406 444 448 475 te
468 438 686 475 Telamone
709 443 750 475 et
772 438 993 487 Amyntore
1014 441 1153 475 nati—

170 498 237 535 ille
258 498 383 547 gradu
404 501 563 548 propior
582 500 798 547 sanguinis,
818 498 885 534 ille
907 511 1092 535 comes-—

118 557 343 608 Laertaque
364 563 484 604 satus,
506 571 578 607 per
598 571 695 608 quos
717 561 904 594 comitata
926 558 1108 595 redirem.

170 623 368 655 auxerunt
389 618 554 655 blandas
574 618 740 667 grandia
760 618 863 654 dona
885 631 1022 667 preces
1040 633 1046 655 :
1268 618 1318 655 30

116 681 259 727 viginti
280 678 407 714 fulvos
429 691 594 727 operoso
615 691 663 714 ex
684 691 774 714 aere
796 678 962 723 lebetas,

171 744 213 774 et
233 738 408 787 tripodas
429 743 586 787 septem
607 738 784 786 pondere
805 743 847 774 et
867 743 951 774 arte
973 751 1110 787 pares;

116 797 253 834 addita
273 803 367 834 sunt
386 797 463 833 illis
483 800 567 833 auri
587 798 645 834 bis
667 800 843 847 quinque
864 797 1030 843 talenta,

171 858 229 893 bis
250 870 319 893 sex
339 857 496 894 adsueti
517 860 676 894 vincere
698 870 856 906 semper
876 860 980 907 equi,

116 917 303 968 quodque
317 930 605 966 Supervacuum
623 922 695 962 est,
710 916 835 953 forma
848 922 1078 966 praestante
1095 917 1253 967 puellae
1268 917 1317 954 35

171 977 376 1023 Lesbides,
399 991 533 1014 eversa
554 991 715 1026 corpora
737 982 851 1026 capta
873 977 1003 1023 domo,

116 1050 286 1087 cumque
316 1042 379 1074 tot
408 1037 595 1074 his—sed
625 1051 706 1073 non
741 1051 838 1086 opus
871 1043 931 1074 est
962 1038 1035 1074 tibi
1067 1040 1291 1086 coniuge—

278 1105 451 1128 coniunx

170 1164 219 1187 ex
241 1151 570 1200 Agamemnoniis
590 1165 669 1187 una
689 1151 822 1200 puella
842 1152 979 1187 tribus.

115 1213 147 1247 si
168 1211 241 1247 tibi
261 1211 310 1247 ab
332 1210 475 1247 Atride
496 1214 625 1260 pretio
645 1210 879 1247 redimenda
900 1210 1074 1255 fuissem,

170 1284 271 1320 quae
292 1271 386 1307 dare
408 1270 616 1316 debueras,
637 1274 816 1320 accipere
838 1271 904 1306 illa
924 1284 1047 1320 negas
1066 1271 1072 1307 !
1267 1271 1317 1307 40

115 1344 192 1380 qua
212 1334 339 1367 merui
361 1330 477 1379 culpa
497 1330 579 1367 fieri
600 1331 674 1367 tibi
694 1330 793 1375 vilis,
816 1330 1002 1367 Achille?

169 1404 247 1440 quo
268 1391 365 1427 levis
386 1404 407 1426 a
427 1391 541 1427 nobis
561 1396 643 1427 tam
665 1394 744 1427 cito
765 1390 870 1439 fugit
889 1403 998 1426 amor
1015 1391 1029 1426 ?

116 1450 181 1486 An
201 1453 364 1487 miseros
385 1453 510 1487 tristis
530 1450 689 1487 fortuna
710 1453 908 1487 tenaciter
928 1455 1059 1499 urget,

169 1523 243 1546 nec
264 1513 376 1546 venit
395 1513 566 1559 inceptis
586 1510 741 1546 mollior
760 1509 855 1546 hora
875 1510 987 1546 malis
1004 1509 1045 1546 ?¹

114 1570 246 1607 diruta
268 1570 398 1606 Marte
419 1575 490 1606 tuo
511 1569 702 1619 Lyrnesia
722 1572 879 1606 moenia
899 1569 1035 1606 vidi—
1265 1571 1315 1606 45

170 1629 212 1661 et
232 1624 385 1661 fueram
405 1627 556 1673 patriae
578 1637 665 1673 pars
687 1637 762 1673 ego
782 1637 926 1673 magna
946 1637 1059 1660 meae
1078 1637 1086 1668 ;
1322 1623 1331 1629 '

115 1678 193 1715 vidi
216 1684 418 1715 consortes
440 1681 587 1727 pariter
606 1681 844 1728 generisque
865 1681 1055 1728 necisque

168 1738 249 1769 tres
270 1732 655 1777 cecidisse—tribus,
677 1746 778 1781 quae
798 1732 908 1778 mihi,
930 1737 1058 1768 mater
1078 1737 1163 1769 erat
1180 1745 1189 1776 3

115 1786 207 1832 vidi,
229 1792 401 1836 quantus
423 1792 519 1831 erat,
542 1786 673 1822 fusum
694 1786 838 1822 tellure
860 1791 1025 1822 cruenta

168 1846 330 1891 pectora
350 1843 567 1877 iactantem
588 1840 895 1889 sanguinolenta
915 1843 1051 1877 virum.
1264 1840 1314 1876 50

330 1919 340 1938 1
365 1919 465 1950 malis
482 1919 591 1950 Lehrs
608 1919 717 1950 Heus.
740 1919 857 1950 Flam:
884 1919 969 1950 meis
986 1919 1089 1950 MSS.

602 2003 617 2016 ‘¹
642 1996 833 2027 Patroclus.

116 2070 164 2106 34
