1445 2297
692 70 832 112 OVID

162 195 236 218 nec
257 185 394 218 'tamen
414 183 632 230 ingenuam
652 182 712 216 ius
733 185 794 216 est
814 192 969 215 servare
990 177 1221 228 puellam-—

218 248 280 283 hic
300 252 432 283 metus
453 251 644 283 externae
665 258 827 294 corpora
847 248 981 294 gentis
1001 250 1095 294 agat
1113 246 1120 281 Ι

162 313 315 350 scilicet
335 318 380 349 ut
401 314 525 361 possit
545 317 677 348 custos
699 316 722 331 “
736 324 811 360 ego
825 311 845 322 ”
868 311 1001 348 dicere
1024 310 1175 357 “feci‚”
1316 311 1365 348 35

216 381 258 414 in
278 378 439 414 laudem
460 379 562 414 servi
583 382 690 413 casta
711 379 762 413 sit
781 376 849 412 illa
868 377 956 412 tui?

165 444 351 481 Rusticus
371 448 433 480 est
452 445 632 488 nimium,
654 455 774 492 quem
793 441 919 478 laedit
937 441 1121 478 adultera
1141 444 1326 487 coniunx,

218 516 260 547 et
280 515 396 546 notos
415 522 546 545 mores
566 522 647 545 non
667 510 760 544 satis
780 508 887 544 urbis
908 508 1032 544 habet

164 578 205 611 in
226 589 304 626 qua
326 575 579 624 Martigenae
600 588 680 610 non
701 579 795 611 sunt
815 576 901 610 sine
922 576 1087 610 crimine
1108 575 1192 610 nati

220 639 411 675 Romulus
433 639 578 675 Iliades
600 638 825 688 Iliadesque
849 638 1005 674 Remus.
1319 637 1369 673 40

165 718 244 755 quo
263 705 337 741 tibi
357 704 582 750 formosam,
604 707 635 741 si
656 718 737 740 non
758 707 832 740 nisi
853 709 960 740 casta
980 703 1193 752 placebat?

220 786 301 808 non
321 777 489 821 possunt
510 771 600 808 ullis
620 774 696 809 ista
716 774 821 808 coire
841 771 979 807 modis.

166 838 207 874 Si
229 840 344 887 sapis,
365 837 532 887 indulge
553 838 738 874 dominae
760 837 973 886 vultusque
998 848 1155 873 severos

220 918 335 950 exue,
356 917 432 940 nec
451 904 570 953 rigidi
590 907 674 940 iura
694 909 808 940 tuere
830 906 914 948 viri,

167 975 209 1006 et
230 970 315 1006 cole
337 983 434 1020 quos
455 969 819 1007 dederit—multos
839 969 1106 1005 dabit—uxor
1125 970 1282 1004 amicos.
1320 967 1370 1003 45

221 1038 349 1085 gratia
370 1039 424 1072 sic
444 1038 610 1072 minimo
629 1049 775 1085 magna
796 1035 930 1071 labore
950 1037 1062 1071 venit
1079 1047 1088 1078 3

167 1104 221 1138 sie
242 1104 391 1151 poteris
411 1104 601 1139 iuvenum
622 1104 800 1137 convivia
820 1114 978 1150 semper
996 1103 1097 1136 inire

222 1173 276 1213 et,
298 1181 400 1217 quae
421 1181 501 1204 non
521 1168 693 1212 dederis,
713 1167 841 1204 multa
861 1166 997 1203 videre
1017 1166 1135 1202 domi.

740 1329 804 1365 Vl

169 1439 194 1456 “
209 1435 297 1471 Nox
319 1439 416 1480 erat,
438 1439 480 1471 et
500 1448 661 1471 somnus
681 1434 801 1471 lassos
821 1435 1004 1471 submisit
1023 1432 1194 1477 ocellos;

223 1506 456 1537 terruerunt
475 1503 652 1536 animum
672 1500 767 1537 talia
787 1502 867 1536 visa
888 1511 1045 1536 meum:

171 1565 281 1602 Colle
302 1566 375 1602 sub
395 1568 528 1615 aprico
548 1566 810 1601 creberrimus
830 1565 920 1601 ilice
939 1564 1052 1601 lucus

225 1632 369 1677 stabat,
392 1636 434 1668 et
454 1633 495 1667 in
514 1633 632 1667 ramis
652 1630 779 1667 multa
798 1630 952 1667 latebat
971 1633 1062 1667 avis.
1268 1672 1274 1677 ἢ

170 1710 262 1733 area
281 1699 487 1746 gramineo
508 1697 669 1734 suberat
688 1696 922 1733 viridissima
942 1701 1068 1745 prato,
1351 1694 1373 1729 5

226 1762 361 1798 umida
381 1762 431 1798 de
452 1764 580 1811 guttis
598 1762 691 1798 lene
712 1764 889 1798 sonantis
909 1774 1045 1811 aquae.

172 1830 257 1877 ipse
278 1828 351 1864 sub
370 1829 544 1864 arboreis
565 1828 738 1864 vitabam
759 1827 965 1864 frondibus
985 1832 1197 1864 aestum—

228 1893 370 1930 fronde
391 1895 464 1930 sub
484 1894 651 1947 arborea
668 1893 739 1931 sed
758 1899 896 1930 tamen
916 1898 1050 1930 aestus
1071 1898 1212 1930 erat—

304 1976 314 1994 ¹
340 1976 371 2007 V
389 1976 418 2007 is*
434 1981 489 2008 ποί
508 1976 635 2015 Ovid's,
656 1976 767 2007 Merk.
787 1976 827 2008 L.
848 1975 996 2007 Mueller
1012 1989 1019 2007 ι
1046 1975 1070 2006 it
1087 1975 1116 2006 is
1132 1975 1169 2006 iu
1187 1975 1251 2007 Ps.

174 2040 249 2085 462
