<?xml version="1.0" encoding="UTF-8"?>
<!DOCTYPE html PUBLIC "-//W3C//DTD XHTML 1.0 Transitional//EN"
    "http://www.w3.org/TR/xhtml1/DTD/xhtml1-transitional.dtd">
<html xmlns="http://www.w3.org/1999/xhtml" xml:lang="en" lang="en">
 <head>
  <title>
</title>
<meta http-equiv="Content-Type" content="text/html;charset=utf-8" />
  <meta name='ocr-system' content='tesseract 3.04.00' />
  <meta name='ocr-capabilities' content='ocr_page ocr_carea ocr_par ocr_line ocrx_word'/>
</head>
<body>
  <div class='ocr_page' id='page_1' title='image "./heroidesamores00ovid_0294.png"; bbox 0 0 1409 2282; ppageno 0'>
   <div class='ocr_carea' id='block_1_1' title="bbox 678 101 818 139">
    <p class='ocr_par' dir='ltr' id='par_1_1' title="bbox 678 101 818 139">
     <span class='ocr_line' id='line_1_1' title="bbox 678 101 818 139; baseline -0.007 0"><span class='ocrx_word' id='word_1_1' title='bbox 678 101 818 139; x_wconf 89' lang='lat' dir='ltr'>OVID</span> 
     </span>
    </p>
   </div>
   <div class='ocr_carea' id='block_1_2' title="bbox 140 207 1355 1963">
    <p class='ocr_par' dir='ltr' id='par_1_2' title="bbox 140 207 1355 1963">
     <span class='ocr_line' id='line_1_2' title="bbox 140 207 1352 258; baseline 0 -12"><span class='ocrx_word' id='word_1_2' title='bbox 140 214 185 246; x_wconf 87' lang='lat' dir='ltr'><strong>ut</strong></span> <span class='ocrx_word' id='word_1_3' title='bbox 206 213 364 258; x_wconf 89' lang='lat' dir='ltr'><strong>partem</strong></span> <span class='ocrx_word' id='word_1_4' title='bbox 385 208 562 257; x_wconf 80' lang='lat' dir='ltr'><strong>effugias,</strong></span> <span class='ocrx_word' id='word_1_5' title='bbox 584 221 666 245; x_wconf 91' lang='lat' dir='ltr'><strong>non</strong></span> <span class='ocrx_word' id='word_1_6' title='bbox 687 210 820 244; x_wconf 85' lang='lat' dir='ltr'><strong>onmia</strong></span> <span class='ocrx_word' id='word_1_7' title='bbox 840 210 941 245; x_wconf 83' lang='lat' dir='ltr'><strong>retia</strong></span> <span class='ocrx_word' id='word_1_8' title='bbox 962 207 1088 253; x_wconf 82' lang='lat' dir='ltr'><strong>falles,</strong></span> <span class='ocrx_word' id='word_1_9' title='bbox 1302 208 1352 246; x_wconf 84' lang='lat'><strong>45</strong></span> 
     </span>
     <span class='ocr_line' id='line_1_3' title="bbox 195 271 1202 322; baseline 0 -14"><span class='ocrx_word' id='word_1_10' title='bbox 195 286 296 322; x_wconf 87' lang='lat' dir='ltr'><strong>quae</strong></span> <span class='ocrx_word' id='word_1_11' title='bbox 319 272 405 316; x_wconf 76' lang='lat' dir='ltr'><strong>tibi,</strong></span> <span class='ocrx_word' id='word_1_12' title='bbox 427 285 547 321; x_wconf 90' lang='lat' dir='ltr'><strong>quam</strong></span> <span class='ocrx_word' id='word_1_13' title='bbox 568 271 710 317; x_wconf 90' lang='lat' dir='ltr'><strong>credis,</strong></span> <span class='ocrx_word' id='word_1_14' title='bbox 732 271 846 321; x_wconf 88' lang='lat' dir='ltr'><strong>plura</strong></span> <span class='ocrx_word' id='word_1_15' title='bbox 866 271 1047 309; x_wconf 89' lang='lat' dir='ltr'><strong>tetendit</strong></span> <span class='ocrx_word' id='word_1_16' title='bbox 1068 271 1202 309; x_wconf 82' lang='lat' dir='ltr'><strong>Amor.</strong></span> 
     </span>
     <span class='ocr_line' id='line_1_4' title="bbox 141 334 1090 384; baseline -0.002 -11"><span class='ocrx_word' id='word_1_17' title='bbox 141 338 172 373; x_wconf 87' lang='lat' dir='ltr'><strong>si</strong></span> <span class='ocrx_word' id='word_1_18' title='bbox 193 348 275 372; x_wconf 91' lang='lat' dir='ltr'><strong>non</strong></span> <span class='ocrx_word' id='word_1_19' title='bbox 296 334 508 384; x_wconf 86' lang='lat' dir='ltr'><strong>proficient</strong></span> <span class='ocrx_word' id='word_1_20' title='bbox 527 340 647 380; x_wconf 86' lang='lat' dir='ltr'><strong>artes,</strong></span> <span class='ocrx_word' id='word_1_21' title='bbox 669 337 877 371; x_wconf 90' lang='lat' dir='ltr'><strong>veniemus</strong></span> <span class='ocrx_word' id='word_1_22' title='bbox 897 334 948 371; x_wconf 86' lang='lat' dir='ltr'><strong>ad</strong></span> <span class='ocrx_word' id='word_1_23' title='bbox 969 348 1090 380; x_wconf 84' lang='lat' dir='ltr'><strong>arma,</strong></span> 
     </span>
     <span class='ocr_line' id='line_1_5' title="bbox 196 396 1005 448; baseline 0 -14"><span class='ocrx_word' id='word_1_24' title='bbox 196 401 318 448; x_wconf 88' lang='lat' dir='ltr'><strong>inque</strong></span> <span class='ocrx_word' id='word_1_25' title='bbox 335 397 347 421; x_wconf 83' lang='lat'>¹</span> <span class='ocrx_word' id='word_1_26' title='bbox 370 400 430 434; x_wconf 89' lang='lat' dir='ltr'><strong>tui</strong></span> <span class='ocrx_word' id='word_1_27' title='bbox 452 397 598 446; x_wconf 86' lang='lat' dir='ltr'><strong>cupido</strong></span> <span class='ocrx_word' id='word_1_28' title='bbox 619 403 732 447; x_wconf 85' lang='lat' dir='ltr'><strong>rapta</strong></span> <span class='ocrx_word' id='word_1_29' title='bbox 754 396 884 434; x_wconf 85' lang='lat' dir='ltr'><strong>ferere</strong></span> <span class='ocrx_word' id='word_1_30' title='bbox 906 400 1005 435; x_wconf 90' lang='lat' dir='ltr'><strong>sinu.</strong></span> 
     </span>
     <span class='ocr_line' id='line_1_6' title="bbox 141 465 1284 516; baseline 0 -13"><span class='ocrx_word' id='word_1_31' title='bbox 141 480 223 503; x_wconf 92' lang='lat' dir='ltr'><strong>non</strong></span> <span class='ocrx_word' id='word_1_32' title='bbox 244 480 344 511; x_wconf 88' lang='lat' dir='ltr'><strong>sum,</strong></span> <span class='ocrx_word' id='word_1_33' title='bbox 366 468 433 516; x_wconf 89' lang='lat' dir='ltr'><strong>qui</strong></span> <span class='ocrx_word' id='word_1_34' title='bbox 455 465 604 502; x_wconf 85' lang='lat' dir='ltr'><strong>soleam</strong></span> <span class='ocrx_word' id='word_1_35' title='bbox 628 465 778 502; x_wconf 87' lang='lat' dir='ltr'><strong>Paridis</strong></span> <span class='ocrx_word' id='word_1_36' title='bbox 799 465 1099 515; x_wconf 75' lang='lat' dir='ltr'><strong>reprehendere</strong></span> <span class='ocrx_word' id='word_1_37' title='bbox 1120 466 1284 513; x_wconf 84' lang='lat' dir='ltr'><strong>factum,</strong></span> 
     </span>
     <span class='ocr_line' id='line_1_7' title="bbox 196 528 1352 580; baseline 0 -14"><span class='ocrx_word' id='word_1_38' title='bbox 196 543 271 566; x_wconf 92' lang='lat' dir='ltr'><strong>nec</strong></span> <span class='ocrx_word' id='word_1_39' title='bbox 293 542 549 580; x_wconf 80' lang='lat' dir='ltr'><strong>quemquam,</strong></span> <span class='ocrx_word' id='word_1_40' title='bbox 571 531 638 579; x_wconf 89' lang='lat' dir='ltr'><strong>qui</strong></span> <span class='ocrx_word' id='word_1_41' title='bbox 660 531 730 574; x_wconf 87' lang='lat' dir='ltr'><strong>vir,</strong></span> <span class='ocrx_word' id='word_1_42' title='bbox 753 534 889 578; x_wconf 90' lang='lat' dir='ltr'><strong>posset</strong></span> <span class='ocrx_word' id='word_1_43' title='bbox 911 534 955 565; x_wconf 91' lang='lat' dir='ltr'><strong>ut</strong></span> <span class='ocrx_word' id='word_1_44' title='bbox 978 542 1076 575; x_wconf 86' lang='lat' dir='ltr'><strong>esse,</strong></span> <span class='ocrx_word' id='word_1_45' title='bbox 1098 528 1186 566; x_wconf 89' lang='lat' dir='ltr'><strong>fuit.</strong></span> <span class='ocrx_word' id='word_1_46' title='bbox 1301 529 1352 566; x_wconf 83' lang='lat'><strong>50</strong></span> 
     </span>
     <span class='ocr_line' id='line_1_8' title="bbox 142 591 1299 643; baseline -0.001 -13"><span class='ocrx_word' id='word_1_47' title='bbox 142 606 213 630; x_wconf 90' lang='lat' dir='ltr'><strong>nos</strong></span> <span class='ocrx_word' id='word_1_48' title='bbox 235 592 523 643; x_wconf 77' lang='lat' dir='ltr'><strong>quoque—sed</strong></span> <span class='ocrx_word' id='word_1_49' title='bbox 544 592 682 629; x_wconf 81' lang='lat' dir='ltr'><strong>taceo!</strong></span> <span class='ocrx_word' id='word_1_50' title='bbox 712 605 818 629; x_wconf 89' lang='lat' dir='ltr'><strong>mors</strong></span> <span class='ocrx_word' id='word_1_51' title='bbox 839 591 956 629; x_wconf 91' lang='lat' dir='ltr'><strong>huius</strong></span> <span class='ocrx_word' id='word_1_52' title='bbox 976 606 1107 642; x_wconf 86' lang='lat' dir='ltr'><strong>poena</strong></span> <span class='ocrx_word' id='word_1_53' title='bbox 1136 595 1299 643; x_wconf 79' lang='lat' dir='ltr'><strong>rapinae</strong></span> 
     </span>
     <span class='ocr_line' id='line_1_9' title="bbox 198 654 1133 706; baseline -0.001 -13"><span class='ocrx_word' id='word_1_54' title='bbox 198 662 243 693; x_wconf 88' lang='lat' dir='ltr'><strong>ut</strong></span> <span class='ocrx_word' id='word_1_55' title='bbox 263 659 327 701; x_wconf 76' lang='lat' dir='ltr'><strong>sit,</strong></span> <span class='ocrx_word' id='word_1_56' title='bbox 350 658 439 701; x_wconf 89' lang='lat' dir='ltr'><strong>erit,</strong></span> <span class='ocrx_word' id='word_1_57' title='bbox 461 668 582 706; x_wconf 89' lang='lat' dir='ltr'><strong>quam</strong></span> <span class='ocrx_word' id='word_1_58' title='bbox 603 660 645 692; x_wconf 89' lang='lat' dir='ltr'><strong>te</strong></span> <span class='ocrx_word' id='word_1_59' title='bbox 668 669 748 692; x_wconf 89' lang='lat' dir='ltr'><strong>non</strong></span> <span class='ocrx_word' id='word_1_60' title='bbox 769 654 970 701; x_wconf 81' lang='lat' dir='ltr'><strong>habuisse,</strong></span> <span class='ocrx_word' id='word_1_61' title='bbox 993 658 1133 692; x_wconf 87' lang='lat' dir='ltr'><strong>minor.</strong></span> 
     </span>
     <span class='ocr_line' id='line_1_10' title="bbox 142 717 1136 767; baseline -0.001 -11"><span class='ocrx_word' id='word_1_62' title='bbox 142 724 212 756; x_wconf 88' lang='lat' dir='ltr'><strong>aut</strong></span> <span class='ocrx_word' id='word_1_63' title='bbox 233 732 340 756; x_wconf 86' lang='lat' dir='ltr'><strong>esses</strong></span> <span class='ocrx_word' id='word_1_64' title='bbox 361 718 534 755; x_wconf 83' lang='lat' dir='ltr'><strong>formosa</strong></span> <span class='ocrx_word' id='word_1_65' title='bbox 554 721 698 761; x_wconf 88' lang='lat' dir='ltr'><strong>minus,</strong></span> <span class='ocrx_word' id='word_1_66' title='bbox 720 723 906 767; x_wconf 79' lang='lat' dir='ltr'><strong>peterere</strong></span> <span class='ocrx_word' id='word_1_67' title='bbox 927 717 1111 755; x_wconf 84' lang='lat' dir='ltr'><strong>modeste</strong></span> <span class='ocrx_word' id='word_1_68' title='bbox 1128 730 1136 762; x_wconf 92' lang='grc'><strong>;</strong></span> 
     </span>
     <span class='ocr_line' id='line_1_11' title="bbox 196 780 900 830; baseline -0.003 -12"><span class='ocrx_word' id='word_1_69' title='bbox 196 781 368 818; x_wconf 77' lang='lat' dir='ltr'><strong>audaces</strong></span> <span class='ocrx_word' id='word_1_70' title='bbox 389 780 490 817; x_wconf 87' lang='lat' dir='ltr'><strong>facie</strong></span> <span class='ocrx_word' id='word_1_71' title='bbox 513 783 693 830; x_wconf 84' lang='lat' dir='ltr'><strong>cogimur</strong></span> <span class='ocrx_word' id='word_1_72' title='bbox 713 794 799 817; x_wconf 90' lang='lat' dir='ltr'><strong>esse</strong></span> <span class='ocrx_word' id='word_1_73' title='bbox 820 786 900 818; x_wconf 84' lang='lat' dir='ltr'><strong>tua.</strong></span> 
     </span>
     <span class='ocr_line' id='line_1_12' title="bbox 143 843 1354 894; baseline -0.002 -12"><span class='ocrx_word' id='word_1_74' title='bbox 143 851 187 882; x_wconf 81' lang='lat' dir='ltr'><strong>tu</strong></span> <span class='ocrx_word' id='word_1_75' title='bbox 209 844 305 881; x_wconf 84' lang='lat' dir='ltr'><strong>facis</strong></span> <span class='ocrx_word' id='word_1_76' title='bbox 326 844 402 881; x_wconf 88' lang='grc' dir='ltr'><strong>11οο</strong></span> <span class='ocrx_word' id='word_1_77' title='bbox 423 844 608 894; x_wconf 91' lang='lat' dir='ltr'><strong>oculique</strong></span> <span class='ocrx_word' id='word_1_78' title='bbox 630 847 702 889; x_wconf 83' lang='lat' dir='ltr'><strong>tui,</strong></span> <span class='ocrx_word' id='word_1_79' title='bbox 724 845 868 894; x_wconf 86' lang='lat' dir='ltr'><strong>quibus</strong></span> <span class='ocrx_word' id='word_1_80' title='bbox 889 846 1007 892; x_wconf 77' lang='lat' dir='ltr'><strong>ignea</strong></span> <span class='ocrx_word' id='word_1_81' title='bbox 1029 843 1181 881; x_wconf 87' lang='lat' dir='ltr'><strong>cedunt</strong></span> <span class='ocrx_word' id='word_1_82' title='bbox 1304 844 1354 880; x_wconf 86' lang='lat'><strong>55</strong></span> 
     </span>
     <span class='ocr_line' id='line_1_13' title="bbox 198 906 1065 958; baseline -0.002 -13"><span class='ocrx_word' id='word_1_83' title='bbox 198 908 340 953; x_wconf 88' lang='lat' dir='ltr'><strong>sidera,</strong></span> <span class='ocrx_word' id='word_1_84' title='bbox 363 910 430 958; x_wconf 90' lang='lat' dir='ltr'><strong>qui</strong></span> <span class='ocrx_word' id='word_1_85' title='bbox 451 907 632 944; x_wconf 86' lang='lat' dir='ltr'><strong>flammae</strong></span> <span class='ocrx_word' id='word_1_86' title='bbox 655 920 769 944; x_wconf 89' lang='lat' dir='ltr'><strong>causa</strong></span> <span class='ocrx_word' id='word_1_87' title='bbox 791 906 904 944; x_wconf 85' lang='lat' dir='ltr'><strong>fuere</strong></span> <span class='ocrx_word' id='word_1_88' title='bbox 926 920 1065 951; x_wconf 85' lang='lat' dir='ltr'><strong>meae;</strong></span> 
     </span>
     <span class='ocr_line' id='line_1_14' title="bbox 143 970 1082 1016; baseline -0.002 -8"><span class='ocrx_word' id='word_1_89' title='bbox 143 971 219 1008; x_wconf 85' lang='lat' dir='ltr'><strong>hoc</strong></span> <span class='ocrx_word' id='word_1_90' title='bbox 240 971 394 1008; x_wconf 84' lang='lat' dir='ltr'><strong>faciunt</strong></span> <span class='ocrx_word' id='word_1_91' title='bbox 414 970 502 1007; x_wconf 81' lang='lat' dir='ltr'><strong>flavi</strong></span> <span class='ocrx_word' id='word_1_92' title='bbox 524 973 654 1007; x_wconf 89' lang='lat' dir='ltr'><strong>crines</strong></span> <span class='ocrx_word' id='word_1_93' title='bbox 675 976 717 1007; x_wconf 89' lang='lat' dir='ltr'><strong>et</strong></span> <span class='ocrx_word' id='word_1_94' title='bbox 739 971 916 1007; x_wconf 87' lang='lat' dir='ltr'><strong>eburnea</strong></span> <span class='ocrx_word' id='word_1_95' title='bbox 937 973 1082 1016; x_wconf 86' lang='lat' dir='ltr'><strong>cervix,</strong></span> 
     </span>
     <span class='ocr_line' id='line_1_15' title="bbox 199 1033 1227 1085; baseline -0.001 -14"><span class='ocrx_word' id='word_1_96' title='bbox 199 1047 396 1085; x_wconf 85' lang='lat' dir='ltr'><strong>quaeque,</strong></span> <span class='ocrx_word' id='word_1_97' title='bbox 417 1047 570 1083; x_wconf 88' lang='lat' dir='ltr'><strong>precor,</strong></span> <span class='ocrx_word' id='word_1_98' title='bbox 593 1036 759 1070; x_wconf 85' lang='lat' dir='ltr'><strong>veniant</strong></span> <span class='ocrx_word' id='word_1_99' title='bbox 779 1036 820 1069; x_wconf 88' lang='lat' dir='ltr'><strong>in</strong></span> <span class='ocrx_word' id='word_1_100' title='bbox 841 1047 931 1070; x_wconf 89' lang='lat' dir='ltr'><strong>mea</strong></span> <span class='ocrx_word' id='word_1_101' title='bbox 953 1033 1054 1070; x_wconf 90' lang='lat' dir='ltr'><strong>colla</strong></span> <span class='ocrx_word' id='word_1_102' title='bbox 1073 1046 1227 1079; x_wconf 85' lang='lat' dir='ltr'><strong>manus,</strong></span> 
     </span>
     <span class='ocr_line' id='line_1_16' title="bbox 145 1096 1164 1146; baseline -0.002 -11"><span class='ocrx_word' id='word_1_103' title='bbox 145 1103 186 1135; x_wconf 90' lang='lat' dir='ltr'><strong>et</strong></span> <span class='ocrx_word' id='word_1_104' title='bbox 207 1097 329 1134; x_wconf 88' lang='lat' dir='ltr'><strong>decor</strong></span> <span class='ocrx_word' id='word_1_105' title='bbox 349 1102 391 1134; x_wconf 90' lang='lat' dir='ltr'><strong>et</strong></span> <span class='ocrx_word' id='word_1_106' title='bbox 412 1097 545 1134; x_wconf 89' lang='lat' dir='ltr'><strong>vultus</strong></span> <span class='ocrx_word' id='word_1_107' title='bbox 561 1096 576 1119; x_wconf 75' lang='lat'><strong>²</strong></span> <span class='ocrx_word' id='word_1_108' title='bbox 596 1099 682 1133; x_wconf 85' lang='lat' dir='ltr'><strong>sine</strong></span> <span class='ocrx_word' id='word_1_109' title='bbox 704 1098 929 1133; x_wconf 76' lang='lat' dir='ltr'><strong>rusticitate</strong></span> <span class='ocrx_word' id='word_1_110' title='bbox 950 1096 1164 1146; x_wconf 87' lang='lat' dir='ltr'><strong>pudentes,</strong></span> 
     </span>
     <span class='ocr_line' id='line_1_17' title="bbox 200 1158 1354 1210; baseline -0.002 -13"><span class='ocrx_word' id='word_1_111' title='bbox 200 1166 254 1205; x_wconf 86' lang='lat' dir='ltr'><strong>et,</strong></span> <span class='ocrx_word' id='word_1_112' title='bbox 276 1160 460 1197; x_wconf 86' lang='lat' dir='ltr'><strong>Thetidis</strong></span> <span class='ocrx_word' id='word_1_113' title='bbox 482 1160 608 1210; x_wconf 86' lang='lat' dir='ltr'><strong>qualis</strong></span> <span class='ocrx_word' id='word_1_114' title='bbox 629 1162 693 1196; x_wconf 89' lang='lat' dir='ltr'><strong>vix</strong></span> <span class='ocrx_word' id='word_1_115' title='bbox 714 1173 803 1196; x_wconf 90' lang='lat' dir='ltr'><strong>rear</strong></span> <span class='ocrx_word' id='word_1_116' title='bbox 823 1172 923 1204; x_wconf 89' lang='lat' dir='ltr'><strong>esse,</strong></span> <span class='ocrx_word' id='word_1_117' title='bbox 944 1158 1080 1208; x_wconf 84' lang='lat' dir='ltr'><strong>pedes.</strong></span> <span class='ocrx_word' id='word_1_118' title='bbox 1305 1159 1354 1196; x_wconf 87' lang='grc'><strong>60</strong></span> 
     </span>
     <span class='ocr_line' id='line_1_18' title="bbox 144 1222 1045 1273; baseline -0.002 -13"><span class='ocrx_word' id='word_1_119' title='bbox 144 1229 280 1261; x_wconf 89' lang='lat' dir='ltr'><strong>cetera</strong></span> <span class='ocrx_word' id='word_1_120' title='bbox 300 1226 331 1259; x_wconf 92' lang='lat' dir='ltr'><strong>si</strong></span> <span class='ocrx_word' id='word_1_121' title='bbox 353 1236 510 1273; x_wconf 89' lang='lat' dir='ltr'><strong>possem</strong></span> <span class='ocrx_word' id='word_1_122' title='bbox 532 1222 706 1268; x_wconf 86' lang='lat' dir='ltr'><strong>laudare,</strong></span> <span class='ocrx_word' id='word_1_123' title='bbox 728 1223 883 1259; x_wconf 80' lang='lat' dir='ltr'><strong>beatior</strong></span> <span class='ocrx_word' id='word_1_124' title='bbox 904 1235 1045 1267; x_wconf 81' lang='lat' dir='ltr'><strong>essem,</strong></span> 
     </span>
     <span class='ocr_line' id='line_1_19' title="bbox 200 1286 1107 1335; baseline -0.002 -12"><span class='ocrx_word' id='word_1_125' title='bbox 200 1300 275 1323; x_wconf 86' lang='lat' dir='ltr'><strong>nec</strong></span> <span class='ocrx_word' id='word_1_126' title='bbox 292 1286 446 1332; x_wconf 81' lang='lat' dir='ltr'><strong>dubito,</strong></span> <span class='ocrx_word' id='word_1_127' title='bbox 468 1291 601 1323; x_wconf 86' lang='lat' dir='ltr'><strong>totum</strong></span> <span class='ocrx_word' id='word_1_128' title='bbox 621 1288 718 1335; x_wconf 89' lang='lat' dir='ltr'><strong>quin</strong></span> <span class='ocrx_word' id='word_1_129' title='bbox 740 1286 812 1322; x_wconf 86' lang='lat' dir='ltr'><strong>sibi</strong></span> <span class='ocrx_word' id='word_1_130' title='bbox 834 1298 905 1334; x_wconf 90' lang='lat' dir='ltr'><strong>par</strong></span> <span class='ocrx_word' id='word_1_131' title='bbox 925 1287 977 1322; x_wconf 89' lang='lat' dir='ltr'><strong>sit</strong></span> <span class='ocrx_word' id='word_1_132' title='bbox 997 1297 1107 1334; x_wconf 86' lang='lat' dir='ltr'><strong>opus.</strong></span> 
     </span>
     <span class='ocr_line' id='line_1_20' title="bbox 145 1347 1112 1399; baseline -0.003 -13"><span class='ocrx_word' id='word_1_133' title='bbox 145 1349 220 1386; x_wconf 87' lang='lat' dir='ltr'><strong>hac</strong></span> <span class='ocrx_word' id='word_1_134' title='bbox 241 1363 317 1399; x_wconf 82' lang='lat' dir='ltr'><strong>ego</strong></span> <span class='ocrx_word' id='word_1_135' title='bbox 338 1349 564 1399; x_wconf 77' lang='lat' dir='ltr'><strong>conpulsus,</strong></span> <span class='ocrx_word' id='word_1_136' title='bbox 586 1362 666 1385; x_wconf 90' lang='lat' dir='ltr'><strong>non</strong></span> <span class='ocrx_word' id='word_1_137' title='bbox 688 1353 750 1386; x_wconf 89' lang='lat' dir='ltr'><strong>est</strong></span> <span class='ocrx_word' id='word_1_138' title='bbox 769 1348 963 1392; x_wconf 87' lang='lat' dir='ltr'><strong>mirabile,</strong></span> <span class='ocrx_word' id='word_1_139' title='bbox 985 1347 1112 1384; x_wconf 85' lang='lat' dir='ltr'><strong>forma</strong></span> 
     </span>
     <span class='ocr_line' id='line_1_21' title="bbox 185 1411 945 1463; baseline -0.003 -13"><span class='ocrx_word' id='word_1_140' title='bbox 185 1416 232 1450; x_wconf 66' lang='lat' dir='ltr'><strong>„si</strong></span> <span class='ocrx_word' id='word_1_141' title='bbox 252 1415 398 1463; x_wconf 85' lang='lat' dir='ltr'><strong>pignus</strong></span> <span class='ocrx_word' id='word_1_142' title='bbox 419 1412 524 1449; x_wconf 85' lang='lat' dir='ltr'><strong>volui</strong></span> <span class='ocrx_word' id='word_1_143' title='bbox 545 1414 650 1448; x_wconf 85' lang='lat' dir='ltr'><strong>vocis</strong></span> <span class='ocrx_word' id='word_1_144' title='bbox 671 1411 819 1449; x_wconf 86' lang='lat' dir='ltr'><strong>habere.</strong></span> <span class='ocrx_word' id='word_1_145' title='bbox 840 1417 945 1449; x_wconf 86' lang='lat' dir='ltr'><strong>tuae.</strong></span> 
     </span>
     <span class='ocr_line' id='line_1_22' title="bbox 148 1472 1354 1525; baseline -0.003 -13"><span class='ocrx_word' id='word_1_146' title='bbox 148 1475 349 1525; x_wconf 84' lang='lat' dir='ltr'><strong>Denique,</strong></span> <span class='ocrx_word' id='word_1_147' title='bbox 371 1475 467 1512; x_wconf 90' lang='lat' dir='ltr'><strong>dum</strong></span> <span class='ocrx_word' id='word_1_148' title='bbox 489 1480 647 1524; x_wconf 85' lang='lat' dir='ltr'><strong>captam</strong></span> <span class='ocrx_word' id='word_1_149' title='bbox 667 1480 713 1511; x_wconf 94' lang='lat' dir='ltr'><strong>tu</strong></span> <span class='ocrx_word' id='word_1_150' title='bbox 733 1480 775 1511; x_wconf 92' lang='lat' dir='ltr'><strong>te</strong></span> <span class='ocrx_word' id='word_1_151' title='bbox 796 1486 940 1523; x_wconf 85' lang='lat' dir='ltr'><strong>cogare</strong></span> <span class='ocrx_word' id='word_1_152' title='bbox 960 1472 1091 1518; x_wconf 87' lang='lat' dir='ltr'><strong>fateri,</strong></span> <span class='ocrx_word' id='word_1_153' title='bbox 1304 1472 1354 1509; x_wconf 85' lang='lat'><strong>65</strong></span> 
     </span>
     <span class='ocr_line' id='line_1_23' title="bbox 200 1537 881 1587; baseline -0.003 -12"><span class='ocrx_word' id='word_1_154' title='bbox 200 1538 354 1576; x_wconf 87' lang='lat' dir='ltr'><strong>insidiis</strong></span> <span class='ocrx_word' id='word_1_155' title='bbox 375 1544 461 1575; x_wconf 84' lang='lat' dir='ltr'><strong>esto</strong></span> <span class='ocrx_word' id='word_1_156' title='bbox 482 1543 599 1587; x_wconf 84' lang='lat' dir='ltr'><strong>capta</strong></span> <span class='ocrx_word' id='word_1_157' title='bbox 618 1537 752 1587; x_wconf 86' lang='lat' dir='ltr'><strong>puella</strong></span> <span class='ocrx_word' id='word_1_158' title='bbox 770 1539 881 1574; x_wconf 88' lang='lat' dir='ltr'><strong>meis.</strong></span> 
     </span>
     <span class='ocr_line' id='line_1_24' title="bbox 146 1598 1123 1650; baseline -0.004 -12"><span class='ocrx_word' id='word_1_159' title='bbox 146 1602 337 1638; x_wconf 85' lang='lat' dir='ltr'><strong>invidiam</strong></span> <span class='ocrx_word' id='word_1_160' title='bbox 358 1603 487 1650; x_wconf 85' lang='lat' dir='ltr'><strong>patiar</strong></span> <span class='ocrx_word' id='word_1_161' title='bbox 504 1613 512 1645; x_wconf 80' lang='lat'><em>3</em></span> <span class='ocrx_word' id='word_1_162' title='bbox 543 1613 657 1649; x_wconf 88' lang='lat' dir='ltr'><strong>passo</strong></span> <span class='ocrx_word' id='word_1_163' title='bbox 678 1613 748 1637; x_wconf 85' lang='lat' dir='ltr'><strong>sua</strong></span> <span class='ocrx_word' id='word_1_164' title='bbox 767 1601 943 1649; x_wconf 84' lang='lat' dir='ltr'><strong>praemia</strong></span> <span class='ocrx_word' id='word_1_165' title='bbox 964 1598 1123 1635; x_wconf 83' lang='lat' dir='ltr'><strong>dentur.</strong></span> 
     </span>
     <span class='ocr_line' id='line_1_25' title="bbox 203 1661 1091 1701; baseline -0.005 0"><span class='ocrx_word' id='word_1_166' title='bbox 203 1678 272 1701; x_wconf 84' lang='lat' dir='ltr'><strong>cur</strong></span> <span class='ocrx_word' id='word_1_167' title='bbox 292 1677 384 1701; x_wconf 85' lang='lat' dir='ltr'><strong>suus</strong></span> <span class='ocrx_word' id='word_1_168' title='bbox 405 1677 427 1699; x_wconf 90' lang='lat' dir='ltr'><strong>a</strong></span> <span class='ocrx_word' id='word_1_169' title='bbox 447 1669 563 1700; x_wconf 82' lang='lat' dir='ltr'><strong>tanto</strong></span> <span class='ocrx_word' id='word_1_170' title='bbox 584 1665 750 1699; x_wconf 87' lang='lat' dir='ltr'><strong>crimine</strong></span> <span class='ocrx_word' id='word_1_171' title='bbox 771 1661 924 1699; x_wconf 84' lang='lat' dir='ltr'><strong>fructus</strong></span> <span class='ocrx_word' id='word_1_172' title='bbox 945 1662 1060 1698; x_wconf 89' lang='lat' dir='ltr'><strong>abest</strong></span> <span class='ocrx_word' id='word_1_173' title='bbox 1077 1661 1091 1696; x_wconf 90' lang='lat'>?</span> 
     </span>
     <span class='ocr_line' id='line_1_26' title="bbox 149 1723 1138 1774; baseline -0.004 -10"><span class='ocrx_word' id='word_1_174' title='bbox 149 1728 358 1764; x_wconf 87' lang='lat' dir='ltr'><strong>Hesionen</strong></span> <span class='ocrx_word' id='word_1_175' title='bbox 379 1726 586 1771; x_wconf 80' lang='lat' dir='ltr'><strong>Telamon,</strong></span> <span class='ocrx_word' id='word_1_176' title='bbox 610 1725 787 1762; x_wconf 85' lang='lat' dir='ltr'><strong>Briseida</strong></span> <span class='ocrx_word' id='word_1_177' title='bbox 807 1727 916 1774; x_wconf 90' lang='lat' dir='ltr'><strong>cepit</strong></span> <span class='ocrx_word' id='word_1_178' title='bbox 936 1723 1138 1767; x_wconf 84' lang='lat' dir='ltr'><strong>Achilles3</strong></span> 
     </span>
     <span class='ocr_line' id='line_1_27' title="bbox 202 1783 1355 1840; baseline -0.004 -14"><span class='ocrx_word' id='word_1_179' title='bbox 202 1795 371 1840; x_wconf 88' lang='lat' dir='ltr'><strong>utraque</strong></span> <span class='ocrx_word' id='word_1_180' title='bbox 393 1792 585 1826; x_wconf 85' lang='lat' dir='ltr'><strong>victorem</strong></span> <span class='ocrx_word' id='word_1_181' title='bbox 606 1801 752 1837; x_wconf 86' lang='lat' dir='ltr'><strong>nempe</strong></span> <span class='ocrx_word' id='word_1_182' title='bbox 774 1792 912 1824; x_wconf 87' lang='lat' dir='ltr'><strong>secuta</strong></span> <span class='ocrx_word' id='word_1_183' title='bbox 931 1789 1069 1823; x_wconf 87' lang='lat' dir='ltr'><strong>virum.</strong></span> <span class='ocrx_word' id='word_1_184' title='bbox 1304 1783 1355 1822; x_wconf 89' lang='lat'><strong>70</strong></span> 
     </span>
     <span class='ocr_line' id='line_1_28' title="bbox 147 1850 982 1903; baseline -0.005 -13"><span class='ocrx_word' id='word_1_185' title='bbox 147 1853 370 1903; x_wconf 83' lang='lat' dir='ltr'><strong>quamlibet</strong></span> <span class='ocrx_word' id='word_1_186' title='bbox 390 1865 551 1888; x_wconf 83' lang='lat' dir='ltr'><strong>accuses</strong></span> <span class='ocrx_word' id='word_1_187' title='bbox 573 1857 615 1888; x_wconf 87' lang='lat' dir='ltr'><strong>et</strong></span> <span class='ocrx_word' id='word_1_188' title='bbox 640 1854 690 1887; x_wconf 87' lang='lat' dir='ltr'><strong>sis</strong></span> <span class='ocrx_word' id='word_1_189' title='bbox 712 1854 812 1887; x_wconf 83' lang='lat' dir='ltr'><strong>irata</strong></span> <span class='ocrx_word' id='word_1_190' title='bbox 830 1850 982 1895; x_wconf 86' lang='lat' dir='ltr'><strong>licebit,</strong></span> 
     </span>
     <span class='ocr_line' id='line_1_29' title="bbox 202 1912 921 1963; baseline -0.006 -11"><span class='ocrx_word' id='word_1_191' title='bbox 202 1919 302 1952; x_wconf 82' lang='lat' dir='ltr'><strong>irata</strong></span> <span class='ocrx_word' id='word_1_192' title='bbox 322 1915 442 1952; x_wconf 84' lang='lat' dir='ltr'><strong>liceat</strong></span> <span class='ocrx_word' id='word_1_193' title='bbox 462 1915 558 1952; x_wconf 89' lang='lat' dir='ltr'><strong>dum</strong></span> <span class='ocrx_word' id='word_1_194' title='bbox 579 1914 676 1950; x_wconf 91' lang='lat' dir='ltr'><strong>mihi</strong></span> <span class='ocrx_word' id='word_1_195' title='bbox 698 1927 813 1963; x_wconf 91' lang='lat' dir='ltr'><strong>posse</strong></span> <span class='ocrx_word' id='word_1_196' title='bbox 834 1912 921 1949; x_wconf 89' lang='lat' dir='ltr'><strong>frui.</strong></span> 
     </span>
    </p>
   </div>
   <div class='ocr_carea' id='block_1_3' title="bbox 153 1993 1209 2107">
    <p class='ocr_par' dir='ltr' id='par_1_3' title="bbox 153 1993 1209 2107">
     <span class='ocr_line' id='line_1_30' title="bbox 279 1993 1209 2040; baseline -0.005 -11"><span class='ocrx_word' id='word_1_197' title='bbox 279 1996 290 2016; x_wconf 75' lang='lat'>¹</span> <span class='ocrx_word' id='word_1_198' title='bbox 316 1998 421 2040; x_wconf 86' lang='lat' dir='ltr'><strong>inque</strong></span> <span class='ocrx_word' id='word_1_199' title='bbox 438 1996 559 2029; x_wconf 63' lang='lat' dir='ltr'><strong>MSS:</strong></span> <span class='ocrx_word' id='word_1_200' title='bbox 586 1996 690 2038; x_wconf 81' lang='lat' dir='ltr'><strong>vique</strong></span> <span class='ocrx_word' id='word_1_201' title='bbox 708 1995 775 2027; x_wconf 71' lang='lat' dir='ltr'><strong>Pa.</strong></span> <span class='ocrx_word' id='word_1_202' title='bbox 887 1993 901 2013; x_wconf 84' lang='lat'><strong>²</strong></span> <span class='ocrx_word' id='word_1_203' title='bbox 924 1996 1040 2026; x_wconf 76' lang='lat' dir='ltr'><strong>motus</strong></span> <span class='ocrx_word' id='word_1_204' title='bbox 1058 1993 1209 2034; x_wconf 65' lang='lat' dir='ltr'><strong>Diachey.</strong></span> 
     </span>
     <span class='ocr_line' id='line_1_31' title="bbox 153 2061 227 2107; baseline 0 -10"><span class='ocrx_word' id='word_1_205' title='bbox 153 2074 170 2097; x_wconf 85' lang='lat'>2</span> <span class='ocrx_word' id='word_1_206' title='bbox 182 2061 227 2107; x_wconf 91' lang='lat'><strong>78</strong></span> 
     </span>
    </p>
   </div>
  </div>
 </body>
</html>
