1409 2282
659 74 798 114 OVID

129 182 225 232 quid
245 185 423 228 timeam,
444 185 765 232 ignoro—timeo
786 187 923 219 tamen
944 184 1077 218 onmia
1095 181 1276 229 demens,

183 250 225 282 et
245 250 359 295 patet
378 248 419 281 in
440 259 552 282 curas
571 259 662 282 area
681 245 763 282 lata
781 258 901 282 meas.

127 321 404 357 quaecumque
417 321 566 358 aequor
579 308 999 358 habet,quaecumque
1008 307 1184 357 pericula
1197 308 1332 354 tellus,

182 375 265 407 tam
285 370 430 420 longae
452 384 588 408 causas
609 373 786 420 suspicor
806 384 892 408 esse
912 384 1057 407 morae.

128 432 227 469 haec
248 446 324 482 ego
343 433 440 469 dum
461 433 586 470 stulte
602 438 754 479 metuo,
768 446 869 483 quae
886 438 1018 470 vestra
1039 433 1163 470 libido
1184 439 1260 479 est,
1281 433 1329 471 75

182 508 268 532 esse
289 499 502 546 peregrino
524 501 664 546 captus
684 509 818 533 amore
840 501 965 546 potes.

127 557 294 595 forsitan
315 563 357 595 et
377 571 525 603 narres,
546 571 665 608 quam
685 561 737 595 sit
756 559 831 595 tibi
852 561 998 595 rustica
1018 561 1204 604 coniunx,

181 634 283 670 quae
303 626 463 657 tantum
483 620 593 657 lanas
613 634 694 657 non
716 624 820 658 sinat
841 634 926 658 esse
947 621 1077 658 rudes.
1250 612 1257 616 “

126 683 254 730 fallar,
274 689 317 720 et
337 683 412 721 hoc
433 686 585 720 crimen
606 689 751 721 tenues
772 689 962 721 vanescat
982 687 1024 720 in
1043 697 1172 730 auras,

180 759 296 792 neve,
318 746 548 783 revertendi
569 746 684 792 liber,
704 747 843 783 abesse
864 746 962 783 velis
979 747 985 782 !
1280 746 1330 783 80

128 808 196 845 Me
218 814 332 858 pater
353 809 501 846 Icarius
521 809 641 845 viduo
661 809 868 846 discedere
889 809 996 846 lecto

180 874 289 921 cogit
309 877 351 908 et
370 875 585 908 immensas
606 875 789 921 increpat
808 885 934 922 usque
955 885 1093 910 moras.

125 936 308 984 increpet
328 948 454 984 usque
476 934 697 971 licet—tua
717 948 818 980 sum,
838 940 907 971 tua
928 934 1036 970 dicar
1056 939 1240 984 oportet;

182 996 384 1047 Penelope
406 999 579 1039 chiunx
600 1010 760 1047 semper
782 997 911 1034 Ulixis
933 1010 1010 1033 ero.
1163 1035 1166 1040 ,

125 1058 193 1095 ille
213 1064 351 1095 tamen
371 1062 525 1109 pietate
546 1072 636 1095 mea
657 1059 922 1109 precibusque
944 1058 1098 1108 pudicis
1279 1059 1328 1096 85
1379 1064 1388 1070 “

179 1121 378 1171 frangitur
398 1127 440 1158 et
460 1124 563 1158 vires
583 1127 786 1171 temperat
806 1124 891 1170 ipse
912 1134 1011 1158 suas.

129 1184 304 1220 Dulichii
325 1185 528 1234 Samiique
550 1190 592 1221 et
612 1198 710 1234 quos
730 1185 826 1221 tulit
845 1185 926 1221 alta
947 1184 1186 1234 Zacynthos,

178 1247 297 1284 turba
317 1253 440 1284 ruunt
459 1251 501 1283 in
521 1260 586 1284 me
606 1247 809 1284 luxuriosa
828 1250 952 1296 proci,

125 1313 248 1360 inque
269 1316 339 1347 tua
358 1316 533 1360 regnant
552 1310 672 1347 nullis
694 1310 998 1360 prohibentibus
1019 1310 1132 1354 aula;

180 1375 330 1409 viscera
351 1378 499 1419 nostra,
519 1378 613 1410 tuae
634 1373 905 1409 dilacerantur
924 1385 1030 1421 opes.
1278 1372 1328 1408 90

125 1435 221 1485 quid
242 1436 316 1472 tibi
344 1435 578 1472 Pisandrum
602 1435 877 1485 Polybumque
900 1435 1177 1485 Medontaque
1198 1435 1329 1471 dirum

180 1497 505 1548 Eurymachique
527 1497 662 1534 avidas
684 1498 932 1547 Antinoique
952 1511 1093 1534 manus

125 1565 247 1610 atque
267 1561 364 1597 alios
385 1560 569 1606 referam,
590 1574 688 1610 quos
708 1564 836 1597 omnis
857 1563 1031 1610 turpiter
1050 1561 1193 1597 absens

179 1625 264 1672 ipse
286 1628 356 1659 tuo
377 1626 501 1672 partis
522 1626 718 1673 sanguine
740 1624 858 1660 rebus
878 1623 977 1660 alis?

127 1685 212 1721 Irus
234 1698 358 1735 egens
379 1689 612 1736 pecorisque
635 1685 884 1723 Melanthius
904 1691 1014 1722 actor
1034 1685 1181 1723 edendi
1277 1685 1326 1722 95

180 1747 345 1784 ultimus
367 1748 566 1784 accedunt
586 1751 627 1784 in
647 1753 717 1784 tua
736 1748 883 1784 damna
901 1748 1040 1798 pudor.

168 1900 184 1913 ‘¹
203 1893 345 1924 Rustica
362 1894 391 1924 is
408 1893 571 1935 frequent
584 1894 619 1924 in
631 1894 692 1925 the
704 1893 886 1925 Heroides.
924 1893 959 1925 It
973 1898 1132 1936 suggests
1147 1896 1168 1909 “
1181 1894 1326 1931 rustic‚”

128 1940 149 1953 ‘⁴
164 1936 420 1978 countryfied‚”
464 1940 485 1953 “
499 1937 657 1978 siniple,³’
701 1940 722 1953 “
737 1937 910 1979 homely,''
952 1940 974 1953 “
988 1937 1327 1979 unsophisticated,”

124 1980 189 2012 but
206 1991 286 2022 may
297 1980 339 2011 be
355 1980 525 2012 rendered
543 1980 622 2012 well
638 1980 684 2022 by
698 1992 742 2012 no
759 1981 869 2022 single
887 1981 993 2012 word.

132 2056 144 2078 1
154 2044 175 2078 6
