1409 2282
671 86 811 123 OVID

139 196 202 227 051
222 190 386 240 aliquid,
408 191 553 228 collum
575 191 701 227 solitis
721 193 905 240 tetigisse
926 190 1099 236 lacertis,

191 265 493 312 praesentisque
514 262 648 299 oculos
668 262 921 299 admonuisse
942 262 1061 298 sinu.1

137 335 187 370 sis
207 333 304 370 licet
324 336 475 370 inmitis
496 336 712 383 matrisque
734 332 902 369 ferocior
922 332 1052 377 undis,

189 409 236 440 ut
255 409 423 450 taceam,
444 404 615 441 lacrimis
637 407 894 440 conminuere
916 406 1025 440 meis.

137 474 255 510 Nunc
288 477 558 524 quoque—sic
596 488 734 511 omnes
776 474 918 511 Peleus
956 479 1071 523 pater
1108 473 1262 523 inpleat

243 559 381 591 annos,
1268 545 1342 582 135

191 618 245 652 sic
267 621 333 653 eat
352 619 535 666 auspiciis
559 616 731 667 Pyrrhus
752 616 802 652 ad
822 629 929 652 arma
950 618 1029 652 tuis
1048 616 1054 652 !
1071 637 1125 643 --

135 690 288 736 respice
310 687 520 724 sollicitam
543 687 733 732 Briseida,
754 687 867 723 fortis
897 687 1071 732 Achille,

191 772 266 794 nec
287 761 471 795 miseram
491 758 603 795 lenta
623 758 774 795 ferreus
796 771 865 794 ure
886 772 994 794 mora
1014 759 1021 794 ἔ

137 835 219 875 aut,
241 833 271 866 si
292 843 427 867 versus
447 843 556 866 amor
575 835 668 866 tuus
689 835 751 866 est
770 833 811 866 in
832 829 967 866 taedia
986 832 1125 874 nostri,

189 915 308 951 quam
329 905 413 938 sine
434 907 476 939 te
498 905 605 951 cogis
627 905 772 947 vivere,
794 915 892 951 coge
922 902 1042 938 mori!
1266 901 1341 938 140

134 978 260 1023 utque
281 973 389 1019 facis,
411 987 539 1023 coges.
589 975 687 1010 abiit
708 987 928 1024 corpusque
951 973 1154 1023 colorque3

190 1047 364 1081 sustinet
384 1044 459 1081 hoc
479 1047 635 1081 animae
657 1058 746 1094 spes
767 1050 904 1081 tamen
926 1058 1004 1081 una
1024 1047 1094 1081 tui.

135 1129 213 1165 qua
233 1118 264 1152 si
285 1116 495 1161 destituor,
516 1121 697 1165 repetam
718 1115 940 1165 fratresque
971 1118 1233 1165 virumque—

189 1199 264 1223 nec
285 1188 359 1223 tibi
379 1186 634 1236 magnificum
655 1186 805 1223 femina
824 1190 927 1227 iussa
947 1189 1056 1223 mori.

135 1271 204 1294 cur
223 1250 359 1295 autem
380 1259 544 1294 iubeas?
601 1261 740 1294 stricto
760 1263 854 1307 pete
876 1271 1037 1307 corpora
1058 1257 1186 1302 ferr03
1265 1258 1338 1294 145

190 1335 252 1366 est
272 1330 370 1366 mihi
392 1333 458 1380 qui
480 1330 584 1366 fosso
605 1335 768 1379 pectore
791 1333 951 1379 sanguis
973 1335 1049 1366 eat.

135 1415 199 1437 me
221 1406 335 1450 petat
355 1401 422 1438 ille
444 1406 548 1446 tuus,
570 1404 650 1451 qui,
672 1404 703 1437 si
724 1401 799 1437 dea
819 1414 932 1450 passa
952 1400 1106 1446 fuisset,

191 1475 295 1508 ensis
316 1475 356 1507 in
378 1472 545 1508 Atridae
567 1477 708 1520 pectus
729 1474 855 1508 iturus
877 1476 961 1508 erat
979 1472 986 1507 I

136 1543 185 1589 A,
207 1545 338 1592 potius
360 1556 490 1579 serves
512 1548 700 1588 nostram,
722 1548 791 1579 tua
811 1556 990 1587 munera,
1012 1543 1157 1580 vitam!

189 1613 295 1664 quod
316 1613 483 1650 dederas
506 1613 609 1650 hosti
630 1617 767 1659 victor,
787 1617 912 1650 amica
933 1628 1038 1664 rogo.
1263 1616 1338 1653 150

135 1685 303 1734 perdere
325 1698 422 1734 quos
443 1685 584 1721 melius
606 1688 741 1734 possis,
764 1685 970 1734 Neptunia
990 1687 1186 1734 praebent

192 1755 407 1805 Pergama3
436 1759 644 1792 materiam
664 1756 795 1793 caedis
816 1757 866 1792 ab
886 1756 1001 1793 hoste
1022 1762 1127 1806 pete.

134 1840 199 1863 me
220 1826 351 1872 modo,
374 1830 454 1863 sive
476 1840 587 1876 paras
608 1827 802 1876 inpellere
824 1830 974 1876 remige
995 1827 1173 1873 classem,

189 1900 271 1933 sive
292 1910 442 1943 manes,
463 1897 613 1933 domini
635 1900 719 1934 iure
742 1900 875 1934 venire
898 1898 1012 1934 iube!

440 1977 449 1996 ¹
474 1979 552 2009 sinu
572 1978 600 2009 G
614 1977 699 2015 Ew3
726 1979 823 2009 sinus
842 1991 876 2011 5:
903 1980 975 2010 suis
992 1979 1033 2011 P.

138 2058 185 2091 42
