1409 2282
641 109 780 147 OVID

109 215 172 252 vel
193 214 254 251 fer
273 228 404 264 opem,
426 215 489 251 vel
509 215 615 252 dede
636 217 726 251 neci
747 214 1020 264 defunctaque
1043 217 1124 251 vita
1238 214 1312 250 125

164 291 328 327 corpora
348 278 505 315 furtivis
526 281 690 327 insuper
709 277 813 314 adde
835 280 953 327 rogis,

111 346 153 377 et
173 341 299 390 sepeli
319 341 490 377 lacrimis
512 340 673 390 perfusa
693 340 878 377 fidelibus
899 354 996 385 ossa,

165 403 400 453 sculptaque
423 406 503 440 sint
522 403 643 440 titulo
663 409 799 440 nostra
820 403 1002 452 sepulcra
1023 404 1134 439 brevi
1153 415 1161 438 :
1203 408 1207 411 ’

111 470 136 487 “
152 466 244 503 exul
268 466 574 516 Hypermestra,
596 469 771 516 pretium
793 468 955 515 pietatis
976 469 1170 515 iniquum,

165 543 284 579 quam
304 536 477 566 mortem
498 529 611 566 fratri
633 529 804 579 depulit,
826 532 911 578 ipsa
932 529 1065 566 tulit.''
1238 528 1313 565 130

112 593 295 630 Scribere
317 593 431 642 plura
450 593 564 639 libet,
585 593 655 629 sed
677 593 856 642 pondere
877 592 987 642 lapsa
1007 597 1174 629 catenae

164 662 226 693 est
246 670 400 702 manus,
422 662 465 693 et
485 660 587 693 vires
608 655 808 692 subtrahit
829 659 914 705 ipse
936 659 1066 692 timor.

673 876 747 912 XV

524 964 681 1001 SAPPHO
714 964 869 1001 Pmom
885 964 896 987 ¹
915 962 919 967 ’

109 1060 273 1105 ECQmD,
294 1065 340 1096 ut
359 1059 550 1108 adspecta
571 1064 632 1095 est
652 1058 853 1095 studiosae
872 1058 1008 1095 littera
1028 1057 1207 1104 dextrae,

165 1114 351 1151 Protinus
373 1119 434 1150 est
455 1113 578 1150 oculis
599 1116 761 1163 cognita
782 1118 917 1149 nostra
938 1115 1074 1149 tuis—

109 1182 173 1214 an,
195 1171 270 1205 nisi
290 1168 457 1218 legisses
477 1170 649 1204 auctoris
671 1170 832 1203 nomina
853 1166 1050 1216 Sapphus,

164 1223 239 1259 hoc
260 1224 381 1259 breve
402 1225 576 1259 nescires
597 1222 705 1258 unde
726 1227 910 1258 movetur
932 1222 1060 1270 opus?

112 1277 294 1314 Forsitan
316 1282 358 1313 et
378 1290 499 1327 quare
520 1290 610 1313 mea
630 1279 711 1313 sint
731 1276 886 1313 alterna
906 1278 1082 1325 requiras
1293 1275 1315 1310 5

165 1334 351 1377 carmina,
373 1345 463 1368 cum
483 1331 615 1381 lyricis
637 1333 710 1367 sim
730 1333 855 1380 magis
876 1336 969 1379 apta
989 1329 1128 1366 modis.

111 1386 265 1422 flendus
286 1399 396 1422 amor
415 1399 528 1422 meus
550 1385 822 1434 est—elegiae
836 1385 850 1408 2
871 1384 1002 1421 flebile
1023 1397 1184 1420 carmen
1203 1396 1212 1428 3

164 1453 245 1476 non
266 1439 362 1476 facit
382 1440 432 1476 ad
452 1440 633 1476 lacrimas
654 1440 830 1476 barbitos
851 1439 932 1475 ulla
951 1452 1070 1475 meas.

113 1494 228 1542 Uror,
250 1500 295 1531 ut
314 1494 519 1530 indomitis
540 1497 677 1543 ignem
698 1494 979 1530 exercentibus
1001 1493 1116 1530 Euris

164 1548 308 1585 fertilis
329 1551 506 1595 accensis
526 1549 721 1585 messibus
741 1548 857 1584 ardet
877 1561 982 1597 ager.
1267 1546 1315 1583 10

110 1616 213 1647 arva,
239 1602 387 1648 Phaon,
410 1602 588 1639 celebras
608 1602 764 1639 diversa
784 1601 1014 1652 Typhoidos
1035 1601 1195 1638 Aetnae
1212 1614 1220 1645 3

163 1670 228 1693 me
250 1657 356 1693 calor
376 1657 562 1693 Aetnaeo
583 1670 664 1693 non
687 1659 816 1692 minor
837 1659 930 1705 igne
951 1661 1078 1692 tenet.

153 1755 163 1774 ¹
194 1756 276 1787 This
300 1756 415 1797 epis-tle
441 1756 469 1787 is
495 1761 549 1787 not
576 1756 611 1787 in
632 1756 674 1794 P,
698 1756 737 1794 G,
757 1766 797 1787 or
823 1766 893 1796 any
917 1755 996 1786 MS.
1027 1754 1152 1787 earlier
1175 1755 1257 1786 than
1287 1755 1316 1786 P

110 1810 149 1831 or
172 1800 211 1838 G,
231 1801 302 1831 ancl
323 1800 352 1831 is
373 1804 429 1831 ποί
446 1799 481 1831 in
500 1800 602 1831 Plan.
652 1799 696 1831 In>
720 1799 770 1831 tlte
789 1799 893 1831 MSS.
912 1798 1019 1830 which
1047 1799 1090 1830 (lo
1114 1799 1251 1830 contain
1275 1798 1311 1836 it,

110 1843 135 1874 it
153 1843 181 1874 is
198 1843 303 1875 either
323 1844 479 1875 annea-ecl
501 1854 540 1875 or
559 1843 712 1883 prefixed
734 1848 765 1874 lo
785 1843 837 1874 the
864 1842 974 1874 whole.
1022 1842 1128 1874 Hein.
1144 1843 1267 1883 placed
1290 1842 1316 1873 it

109 1887 201 1926 aster
218 1887 277 1918 XI
287 1887 313 1918 V
328 1888 461 1918 because
479 1887 582 1928 osthe
597 1898 751 1927 presence
765 1886 805 1927 os
817 1897 903 1918 some
923 1896 1026 1917 rerses
1037 1886 1132 1925 from
1148 1886 1174 1917 it
1190 1886 1226 1917 in
1243 1886 1315 1916 that

104 1930 255 1971 position
272 1930 304 1962 in
324 1935 385 1961 two
402 1930 507 1962 MSS.
526 1931 569 1971 of
583 1935 734 1971 excerpts
746 1930 846 1971 from
862 1942 884 1961 α
902 1929 998 1961 ninth
1015 1940 1054 1960 or
1070 1929 1159 1961 tenth
1176 1934 1315 1970 century

108 1974 224 2006 archei
274 1985 300 2005 e.

156 1985 527 2058 Theygappho-Phaon
545 2022 639 2058 story
654 2028 757 2049 seems
781 2022 813 2049 to
837 2017 920 2049 kare
946 2017 1023 2048 been
1043 2017 1118 2048 well
1138 2016 1256 2048 known
1273 2016 1315 2057 by

114 2082 188 2117 180
