1409 2282
647 74 787 112 OVID

115 194 235 230 saepe
256 181 351 218 dedi
372 184 547 231 gemitus
564 194 572 225 ;
602 186 644 218 et
665 181 908 218 te—lasciva
926 181 1125 216 !—notavi

171 254 212 288 in
232 255 387 301 gemitu
409 255 530 289 risum
552 266 632 289 non
654 255 831 289 tenuisse
852 265 954 288 meo.
1243 249 1321 287 230

116 337 235 373 saepe
256 337 367 361 mero
386 324 493 360 volui
513 324 712 361 flammam
733 337 1000 374 compescere,
1022 329 1064 361 at
1082 323 1151 360 illa

171 398 309 441 crevit,
331 401 373 432 et
394 397 567 433 ebrietas
587 399 691 446 ignis
711 399 752 432 in
773 399 867 445 igne
888 395 978 441 fuit,

116 461 324 511 multaque
345 475 397 498 ne
418 462 587 507 videamj
609 475 722 499 versa
742 464 896 498 cervice
917 462 1106 498 recumbo
1125 473 1134 504 ;

172 527 243 563 sed
263 540 423 564 revocas
444 527 578 564 oculos
599 530 780 577 protinus
799 530 885 577 ipsa
904 540 1024 564 meos.

119 592 227 639 Quid
248 591 402 638 faciam,
425 593 566 630 dubito
582 606 590 637 3
620 593 733 630 dolor
754 599 815 630 est
834 606 947 630 meus
968 592 1035 629 illa
1055 592 1204 638 videre,
1246 591 1322 628 235

172 658 243 695 sed
264 658 377 695 dolor
397 672 419 694 a
438 658 539 695 facie
560 661 685 695 maior
704 659 843 695 abesse
864 663 944 695 tua.

118 737 195 773 qua
215 723 311 760 licet
332 729 374 760 et
395 737 567 773 possum,
588 724 719 760 luctor
739 724 868 760 celare
890 723 1090 767 furorem3

172 789 243 825 sed
263 794 401 826 tamen
421 795 589 839 apparet
609 789 881 826 dissimulatus
901 802 1020 825 amor.

119 868 193 890 nec
214 855 288 891 tibi
309 855 430 891 verba
450 855 590 892 damus
608 868 616 898 ;
646 857 771 892 sentis
792 868 882 891 mea
902 854 1079 900 vulnera,
1101 856 1226 891 sentis
1244 857 1251 890 !

173 925 294 970 atque
315 923 470 956 utinam
491 920 563 957 soli
584 923 665 957 sint
686 933 732 957 ea
752 925 848 957 nota
867 921 941 957 'cibi
960 920 967 956 1
1249 918 1326 955 240
1376 939 1381 943 ·

118 999 152 1031 a,
175 988 361 1035 quotiens
382 985 553 1022 lacrimis
574 986 830 1022 venientibus
851 999 918 1022 ora
938 985 1086 1031 reflexi,
1314 980 1320 985 ”

174 1065 225 1087 116
246 1065 404 1088 causam
425 1051 541 1088 fletus
561 1057 774 1101 quaereret
794 1051 861 1088 1116
881 1054 960 1088 11161
979 1052 986 1087 l

120 1130 154 1161 a,
176 1119 363 1167 quotiens
384 1116 558 1166 aliquem
579 1119 733 1153 narravi
755 1122 873 1166 potus
893 1130 1082 1162 amorem,

176 1182 227 1218 ad
247 1182 381 1219 vultus
402 1181 582 1219 referens
603 1182 761 1231 singula
780 1183 901 1219 verba
921 1187 1023 1229 tuos,

122 1248 396 1298 indiciumque
417 1250 496 1284 mei
517 1247 610 1284 ficto
631 1248 704 1284 sub
724 1250 886 1284 nomine
907 1247 985 1284 feci
1003 1248 1010 1284 1
1251 1249 1327 1286 245

177 1314 245 1351 ille
267 1327 355 1364 ego,
377 1316 409 1350 si
430 1316 572 1359 nescis,
594 1326 709 1350 verus
730 1319 883 1350 amator
903 1327 1022 1350 eram.

122 1382 219 1430 quin
241 1382 375 1424 etiam,
397 1384 443 1415 ut
463 1392 620 1428 possem
641 1379 771 1415 verbis
792 1379 1041 1428 petulantius
1061 1383 1133 1426 uti,

178 1458 259 1481 non
280 1444 405 1481 semel
427 1445 599 1481 ebrietas
621 1450 683 1481 est
703 1444 888 1481 simulata
908 1444 1016 1481 mihi.

128 1510 291 1547 Prodita
311 1515 417 1555 sunt,
438 1512 616 1555 memini,
638 1512 775 1546 ’eunica
795 1515 865 1546 tua
884 1515 1047 1559 pectora
1068 1510 1157 1547 laxa

179 1581 300 1625 atque
322 1575 445 1611 oculis
466 1575 620 1611 aditum
640 1575 748 1611 nuda
767 1575 918 1612 dedere
938 1578 1095 1612 meis—
1253 1576 1330 1613 250

124 1647 288 1691 pectora
308 1640 370 1677 vel
392 1643 499 1690 puris
520 1641 676 1677 nivibus
697 1640 760 1677 vel
784 1641 887 1678 lacte
908 1647 1099 1692 tuamque

180 1706 388 1755 complexo
408 1711 579 1743 matrem
600 1706 830 1743 candidiora
852 1706 956 1743 Iove.

126 1772 222 1809 dum
243 1777 386 1821 stupeo
407 1775 647 1808 visis—nam
668 1772 810 1821 pocula
829 1765 933 1809 forfe
954 1773 1201 1809 tenebam—

181 1838 327 1875 tortilis
347 1852 369 1874 a
389 1837 526 1887 digitis
547 1837 697 1874 excidit
717 1851 811 1875 ansa
830 1841 940 1874 meis.

127 1903 262 1940 oscula
281 1906 313 1939 si
334 1908 452 1939 natae
473 1903 655 1948 dederas,
678 1917 753 1953 ego
774 1906 955 1952 protinus
976 1903 1044 1940 illa
1254 1905 1330 1941 255

184 1969 428 2006 Hermiones
448 1973 590 2006 tenero
610 1969 740 2006 laetus
760 1969 810 2006 ab
830 1982 897 2006 ore
918 1969 1003 2006 tuli.

129 2053 206 2087 214
