1445 2297
705 114 843 151 OVID

170 220 277 270 quod
299 222 390 270 quia
410 222 461 256 sit
480 219 631 256 lectum
653 225 789 257 sancta
809 226 1022 270 praesente
1044 220 1186 266 Diana,

226 293 312 317 esse
332 286 443 317 tuam
464 282 639 316 vinctam
659 283 824 317 numine
845 285 951 317 teste
972 280 1092 317 fidein

170 353 222 377 ne
243 345 381 376 tamen
400 342 572 388 ignoret,
594 342 730 388 scripti
751 343 954 377 sententia
974 353 1075 390 quae
1096 343 1159 386 sit,

226 400 330 436 lecta
350 401 424 436 tibi
445 399 646 449 quondam
667 413 773 436 nunc
795 413 952 450 quoque
973 401 1093 437 verba
1112 400 1228 437 refer.

173 464 197 481 “
212 461 332 505 nube,
381 459 559 509 precor,'’
600 460 721 506 dicet,
762 465 786 481 “
799 463 862 497 cui
900 466 941 497 te
981 461 1084 497 bona
1131 464 1296 498 numina

280 523 455 569 iungunt
471 532 479 563 ;
1300 521 1375 557 215

226 593 346 630 quem
367 579 451 616 fore
472 582 621 625 iurasti,
643 582 694 616 sit
714 593 840 630 gener
859 580 926 617 ille
947 580 1055 617 mihi.

171 643 348 690 quisquis
368 643 400 676 is
421 645 495 685 est,
512 639 680 689 placeat,
697 643 885 690 quoniam
900 640 1034 690 placet
1048 646 1143 677 ante
1161 640 1314 677 Dianae
1332 641 1339 677 !
1354 640 1375 652 '’

225 700 315 737 talis
337 703 414 736 erit
432 705 574 745 mater,
596 702 626 736 si
647 700 766 736 modo
786 706 915 737 mater
936 704 1022 737 erit.

172 760 253 797 Sed
273 765 411 796 tamen
431 764 477 796 ut
497 765 663 809 quaerat
679 760 692 783 1
714 763 801 809 quis
821 763 894 796 sini
915 760 1134 810 qualisque,
1156 761 1302 797 videto.

226 823 407 856 inveniet
426 821 536 856 vobis
558 820 801 857 consuluisse
822 820 950 857 deam.
1300 821 1376 857 220

173 880 313 926 insula,
336 881 510 930 Coryciis
531 880 733 930 quondam
754 880 1015 929 celeberrima
1035 881 1234 931 nymphis,

230 943 406 990 cingitur
427 940 603 989 Aegaeo,
625 943 787 977 nomine
809 940 900 987 Cea,
921 944 1029 977 mari.

172 1000 237 1036 illa
257 1000 355 1036 mihi
376 1003 504 1050 patria
525 1006 586 1037 est
604 1013 613 1045 ;
642 1014 729 1046 nec,
751 1004 782 1037 si
803 1014 997 1050 generosa
1017 1002 1192 1051 probatis

226 1063 400 1106 nomina,
422 1060 623 1110 despectis
643 1074 788 1110 arguor
808 1067 917 1098 ortus
938 1064 1029 1098 avis.

172 1126 266 1158 sunt
287 1126 329 1158 et
350 1134 445 1170 opes
467 1122 592 1166 nobis,
615 1126 709 1157 sunt
730 1126 771 1158 et
792 1124 876 1158 sine
898 1124 1063 1159 crimine
1084 1135 1213 1159 mores
1233 1135 1241 1167 ;
1299 1122 1375 1158 225

224 1181 394 1230 amplius
415 1186 540 1231 utque
561 1181 673 1226 nihil,
694 1195 759 1218 me
779 1182 854 1218 tibi
873 1184 1005 1231 iungit
1023 1182 1156 1219 Amor.

170 1246 383 1290 appeteres
404 1241 527 1278 talem
548 1241 611 1278 vel
632 1254 713 1277 non
733 1244 861 1278 iurata
881 1245 1092 1286 maritum;

224 1303 377 1337 iuratae
399 1301 462 1337 vel
482 1315 563 1337 non
583 1301 674 1337 talis
695 1301 904 1338 habendus
925 1307 1021 1339 erat.

174 1361 289 1397 Haec
309 1362 383 1398 tibi
403 1375 467 1398 me
489 1364 529 1397 in
551 1364 698 1398 somnis
718 1361 925 1398 iaculatrix
946 1363 1118 1399 scribere
1142 1362 1302 1399 Phoebe
1322 1375 1330 1406 ;

224 1420 323 1457 haec
344 1422 418 1457 tibi
438 1435 503 1457 me
524 1421 686 1470 vigilem
707 1422 880 1458 scribere
900 1413 1015 1459 iussit
1035 1422 1160 1458 Amor
1178 1435 1186 1466 ;
1298 1421 1375 1458 230

171 1494 193 1517 e
215 1482 358 1530 quibus
378 1481 542 1517 alterius
562 1481 661 1516 mihi
681 1483 758 1517 iam
779 1495 952 1518 nocuere
973 1485 1157 1532 sagittae,

224 1541 388 1578 alterius
409 1546 582 1578 noceant
602 1554 653 1577 ne
675 1542 748 1578 tibi
768 1541 862 1587 tela,
885 1555 979 1578 cave
998 1543 1004 1578 ἶ

169 1603 305 1637 iuncta
326 1601 429 1637 salus
451 1607 585 1637 nostra
606 1604 912 1638 est—miserere
932 1605 1092 1652 meique
1113 1605 1253 1652 tuique
1272 1615 1281 1647 ς

225 1661 320 1710 quid
342 1661 501 1697 dubitas
522 1674 643 1697 unam
663 1660 768 1697 ferre
789 1660 944 1698 duobus
965 1675 1083 1711 opem
1100 1663 1113 1698 Ρ

170 1721 276 1771 quod
298 1724 328 1757 si
349 1723 578 1770 contigerit,
600 1734 689 1757 cuni
710 1724 788 1757 iam
808 1721 902 1758 data
922 1724 1034 1771 signa
1054 1722 1266 1767 sonabunt,
1298 1721 1374 1757 235

224 1784 432 1831 tinctaque
455 1784 587 1818 votivo
608 1784 802 1830 sanguine
824 1781 948 1818 Delos
969 1785 1058 1827 erit,

432 1856 441 1875 ¹
466 1860 507 1888 ut
523 1860 670 1898 quaerat
688 1870 702 1889 ς
719 1871 726 1889 :
752 1861 788 1888 et
804 1861 951 1899 quaerat
969 1872 1003 1889 ω.

215 1941 229 1953 ‘1
251 1934 318 1965 For
336 1934 396 1965 the
415 1934 603 1976 beginning
620 1934 655 1965 of
672 1935 732 1965 the
749 1946 942 1976 ρει-1311101151.

214 1978 227 1997 1‘
250 1978 323 2009 The
354 1978 528 2009 sacrifices
559 1977 751 2010 attendant
791 1989 883 2020 upon
919 1979 1101 2010 Acontius'
1134 1979 1305 2021 marriage
1335 1982 1373 2010 to

170 2021 338 2063 Cydippe.

171 2096 248 2131 290
