1409 2282
674 79 813 117 OVID

142 185 218 222 Cor
237 190 358 235 pavet
378 185 586 222 admonitu
607 190 830 223 temeratae
851 187 1046 234 sanguine
1066 186 1210 230 noctis,

197 251 239 282 et
260 247 414 282 subitus
436 246 602 282 dextrae
623 244 835 294 praepedit
855 258 942 281 ossa
966 249 1126 281 tremor.

142 320 260 356 quam
281 311 325 342 tu
347 306 471 342 caede
493 311 611 355 putes
632 305 747 355 fungi
767 307 943 354 potuisse
964 307 1109 350 mariti,

196 367 368 402 scribere
390 366 440 402 de
462 365 569 402 facta
589 379 669 401 non
690 366 764 402 sibi
785 365 907 401 caede
928 367 1047 401 timet
1065 365 1072 400 !
1295 363 1345 400 20

142 426 223 463 Sed
242 432 380 462 tamen
401 428 591 475 experiar.
650 425 770 461 modo
790 424 895 461 facta
916 424 1149 474 crepuscula
1167 426 1308 468 terris3

196 486 338 523 ultima
358 499 446 535 pars
466 486 565 522 lucis
586 488 792 535 primaque
814 487 942 521 noetis
963 490 1058 521 erat.

142 546 326 583 ducimur
347 545 560 582 Inachides
581 548 716 594 magni
737 545 810 582 sub
829 549 939 581 tecta
962 544 1129 594 Pelasgi,

198 612 240 643 et
260 619 372 642 socer
392 611 562 642 armatas
582 608 728 654 accipit
748 608 832 654 ipse
854 618 987 641 nurus.

142 667 321 716 undique
342 665 558 702 conlucent
578 668 831 714 praecinctae
851 664 1056 714 lampades
1077 677 1196 708 auro3
1296 665 1344 700 25

197 725 345 762 dantur
364 728 405 761 in
426 728 571 762 invitos
592 727 700 774 inpia
719 730 808 761 tura
827 723 935 760 focos
951 737 959 767 3

143 786 285 836 vulgus
307 790 331 807 “
347 786 525 835 Hymen,
562 785 824 835 Hymenaee!
841 784 862 796 ”
884 789 1038 820 vocant.
1082 783 1187 833 fugit
1206 783 1274 820 ille

252 848 429 882 vocantis
446 858 455 890 ;

197 909 282 955 ipsa
303 906 406 942 Iovis
428 908 602 942 coniunx
622 907 741 941 cessit
761 905 810 941 ab
831 905 927 941 urbe
949 904 1039 940 sua!

145 979 251 1011 ecce,
273 978 383 1002 mero
406 965 530 1010 dubii,
552 967 743 1001 comitum
764 964 935 1001 clamore
956 963 1202 1014 frequentes,

198 1025 291 1061 flore
312 1038 414 1061 novo
434 1024 613 1062 madidas
634 1024 871 1074 inpediente
892 1037 1036 1068 comas,
1297 1023 1346 1060 30

145 1089 185 1122 in
206 1085 402 1122 thalamos
423 1085 784 1130 laeti—thalamos,
802 1098 872 1121 sua
892 1085 1009 1120 busta
1027 1083 1277 1120 I—feruntur

217 1151 421 1195 strataque
442 1146 671 1195 corporibus
692 1144 834 1181 funere
856 1144 979 1194 digna
998 1149 1198 1193 premunt.

147 1206 311 1255 Iamque
333 1206 420 1241 cibo
441 1208 612 1255 vinoque
633 1218 773 1254 graves
794 1217 1013 1254 somnoque
1033 1205 1232 1249 iacebant,

199 1278 463 1315 securumque
485 1268 597 1315 quies
617 1265 698 1301 alta
720 1278 791 1314 per
812 1264 941 1313 Argos
964 1269 1105 1301 erat—

146 1328 293 1361 circum
314 1338 378 1362 me
399 1328 574 1374 gemitus
595 1328 839 1362 morientum
859 1324 997 1361 audire
1018 1324 1181 1361 videbar
1204 1337 1212 1369 ;
1297 1324 1346 1361 35

201 1391 243 1422 et
262 1391 401 1422 tamen
421 1385 637 1431 audibam,l
668 1385 854 1435 quodque
874 1385 1040 1421 verebar
1061 1389 1156 1420 erat.

147 1448 307 1494 sanguis
328 1446 424 1490 abit,
444 1450 706 1495 mentemque
728 1444 834 1481 calor
854 1457 1077 1494 corpusque
1098 1443 1302 1494 relinquit,

200 1508 322 1555 inque
343 1518 446 1541 novo
466 1507 567 1541 iacui
588 1504 733 1554 frigida
753 1504 858 1540 facta
878 1509 976 1540 toro.

148 1570 193 1602 ut
214 1565 294 1601 leni
316 1564 499 1614 Zephyro
521 1564 689 1613 graciles
711 1565 917 1600 vibrantur
936 1566 1092 1608 aristae,

201 1624 346 1674 frigida
366 1624 556 1673 populeas
576 1629 622 1660 ut
642 1626 772 1673 quatit
792 1636 886 1659 aura
907 1636 1050 1667 comas,
1298 1623 1348 1659 40

146 1689 216 1721 aut
232 1687 299 1729 sic,
320 1689 390 1721 aut
410 1687 531 1720 etiam
551 1686 698 1720 tremui
718 1686 854 1732 magis.
912 1686 996 1731 ipse
1016 1683 1184 1727 iacebas,

202 1757 384 1794 quaeque
405 1745 478 1780 tibi
499 1744 702 1789 dederam,
724 1746 815 1779 vina
828 1743 843 1767 2
871 1745 1020 1792 soporis
1041 1747 1165 1779 erant.

257 1813 266 1832 ¹
291 1813 456 1845 audibam
476 1814 507 1845 P
523 1814 659 1846 Burm.:
685 1813 864 1845 audieram
884 1826 897 1845 ς
917 1813 946 1844 G
957 1816 968 1845 ‘3
984 1825 991 1844 :
1016 1812 1178 1844 auditum
1197 1826 1222 1845 s.

257 1856 270 1876 2
295 1858 375 1888 vina
392 1857 466 1888 PG
485 1857 564 1888 Vm:
591 1857 694 1898 plena
714 1857 778 1888 Pa.

191 1940 207 1954 ‘¹
231 1934 393 1973 Inachus,
413 1934 463 1972 Io,
484 1934 662 1975 Epaphus,
684 1933 807 1976 Libya,
834 1933 948 1973 Belus,
976 1933 1233 1964 Danaus—was
1258 1933 1351 1964 their

149 1978 303 2010 descent.
462 1978 474 1997 ²³
501 1977 594 2019 King
611 1977 646 2008 of
662 1978 785 2019 Argos.
928 1983 940 1997 ⁶
964 1977 1158 2018 Aegyptus.

153 2051 223 2087 172
