1409 2282
677 72 815 110 OVID

144 185 214 216 aut
234 193 330 230 quas
351 179 551 216 semideae
574 179 755 229 Dryades
778 179 984 229 Faunique
1006 179 1186 215 bicornes

199 242 363 276 numine
385 236 588 276 contactas
609 244 820 276 attonuere
842 252 922 276 su0.
1296 238 1346 275 50

145 313 318 349 namque
339 299 438 335 mihi
458 299 653 344 referunt,
674 312 764 336 cum
785 312 827 335 se
848 299 956 335 furor
984 299 1051 335 ille
1073 301 1240 344 remisit,

199 362 354 403 omnia3
383 373 448 396 me
468 363 632 396 tacitam
653 362 832 396 conscius
859 362 938 396 urit
957 372 1076 395 amor.

147 419 328 456 Forsitan
349 419 456 455 hunc
476 422 634 468 generis
656 418 739 455 fato
759 419 972 456 reddamus
998 432 1186 463 amorem,

201 485 243 516 et
265 479 400 515 Venus
422 492 471 515 ex
492 484 578 515 tota
600 484 725 528 gente
746 480 897 515 tributa
918 484 1042 528 petat.

150 538 333 588 luppiter
354 539 724 588 Europen—prima
745 543 807 575 est
828 552 874 575 ea
894 541 1028 588 gentis
1049 541 1213 588 01·ig0-
1298 538 1347 574 55

199 598 355 645 dilexit,
377 604 490 635 tauro
511 598 788 635 dissimulante
809 599 941 635 deum.

147 658 340 707 Pasiphae
361 663 501 704 mater,
522 658 695 707 decepto
716 659 876 695 subdita
900 664 1026 703 tauro,

200 721 318 755 enixa
339 724 400 755 est
420 724 536 755 utero
557 721 707 755 crimen
729 732 908 768 onusque
930 732 1010 755 suo.

148 778 321 828 perfidus
343 778 534 827 Aegides,
555 778 745 815 ducentia
766 778 829 814 fila
850 784 1024 824 secutus,

200 851 317 874 curva
337 851 450 874 meae
472 838 577 887 fugit
597 843 706 875 tecta
727 841 866 875 sororis
887 852 973 887 ope.
1299 837 1349 874 60

147 911 211 944 en,
234 911 309 947 ego
330 912 449 943 nunc,
471 911 522 934 ne
543 898 646 934 forte
667 912 806 948 parum
829 898 980 934 Minoia
1003 897 1152 943 credar,

202 961 243 994 in
264 961 387 994 socias
408 958 520 1007 leges
541 958 682 995 ultima
701 961 835 1008 gentis
857 972 904 995 eo
922 959 928 994 Ῐ

152 1018 227 1055 hoc
249 1031 406 1068 quoque
428 1018 550 1055 fatale
572 1023 657 1055 est:
688 1018 840 1067 placuit
860 1018 1001 1055 domus
1022 1031 1100 1054 una
1120 1017 1298 1061 duabus;

200 1092 265 1115 me
287 1084 357 1115 tua
378 1078 503 1114 forma
524 1081 644 1127 capit,
667 1084 784 1128 capta
803 1084 971 1128 parente
993 1091 1110 1114 soror.

147 1138 343 1175 Thesides
364 1138 624 1188 Theseusque
646 1138 743 1175 duas
764 1151 930 1187 rapuere
947 1150 1150 1175 sorores——
1298 1137 1346 1174 65

201 1201 339 1248 ponite
360 1198 411 1234 de
432 1203 567 1235 nostra
587 1199 680 1235 bina
700 1204 863 1247 tropaea
883 1198 1023 1234 domo!

147 1259 346 1308 Tempore
367 1271 445 1308 quo
465 1259 580 1295 nobis
600 1261 699 1295 inita
720 1263 782 1295 est
803 1258 975 1295 Cerealis
996 1258 1174 1303 Eleusin,

204 1319 357 1355 Gnosia
377 1331 442 1355 me
463 1318 608 1355 vellem
630 1318 872 1355 detinuisset
891 1318 1036 1355 humus
1053 1319 1060 1354 1

146 1384 244 1415 tunc
264 1378 363 1414 mihi
383 1381 609 1428 praecipue,
630 1392 706 1415 nec
726 1392 806 1414 non
827 1384 964 1415 tamen
985 1383 1092 1423 ante,
1115 1377 1325 1427 placebas3

200 1452 291 1475 acer
310 1441 351 1474 in
373 1441 562 1475 extremis
583 1439 734 1475 ossibus
754 1438 885 1475 haesit
905 1451 1023 1474 amor.
1297 1436 1347 1474 ΤΟ

148 1498 316 1534 candida
337 1501 457 1534 vestis
479 1503 577 1543 erat,
598 1501 817 1547 praecincti
837 1498 930 1535 flore
952 1498 1096 1547 capilli,

202 1557 300 1593 flava
321 1558 569 1594 verecundus
590 1561 767 1594 tinxerat
787 1572 852 1594 ora
873 1559 1003 1603 rubor,

147 1630 347 1667 quemque
368 1623 512 1654 vocant
531 1617 631 1654 aliae
652 1617 807 1654 vultum
824 1618 1077 1667 rigidumque
1098 1622 1347 1667 trucemque,

203 1691 273 1726 pro
293 1677 421 1726 rigido
443 1677 622 1714 Phaedra
642 1678 773 1714 iudice
793 1677 906 1714 fortis
927 1683 1023 1714 erat.

148 1734 229 1768 sint
249 1731 385 1780 procul
406 1745 428 1767 a
448 1732 561 1768 nobis
582 1734 746 1768 iuvenes
766 1737 812 1768 ut
832 1731 982 1768 femina
1012 1734 1162 1780 compti
1179 1732 1240 1768 1—
1300 1730 1348 1768 75

202 1785 281 1822 fine
302 1785 377 1822 coli
397 1786 554 1822 modico
574 1785 699 1822 forma
720 1785 840 1822 virilis
860 1791 977 1822 amat.

191 1896 207 1909 ‘¹
230 1889 303 1921 The
319 1890 471 1920 votaries
488 1888 524 1920 of
539 1888 680 1930 Cybele,
699 1888 807 1920 Great
825 1889 967 1920 Mother
983 1888 1018 1920 of
1034 1889 1094 1920 the
1110 1888 1214 1920 Gods.

191 1933 203 1952 ¹²
227 1933 298 1964 The
315 1932 399 1974 gods
415 1932 540 1963 caused
558 1933 617 1963 the
635 1933 763 1963 animal
779 1938 817 1964 to
833 1943 888 1964 see
906 1933 939 1963 in
958 1933 1020 1964 her
1037 1932 1090 1963 his
1107 1943 1183 1964 own
1203 1932 1301 1964 kind.

191 1982 203 1995 ⁶
227 1976 299 2007 The
316 1981 414 2017 story
431 1975 466 2007 of
482 1976 543 2007 the
560 1975 741 2007 Minotaur
757 1975 825 2007 and
843 1976 903 2007 the
920 1975 1127 2018 Labyrinth.

150 2039 199 2083 48
