1445 2297
708 40 848 78 OVID

174 160 281 184 nunc
302 152 398 197 opto
418 161 590 194 currum,
605 148 663 184 -de
683 161 762 198 quo
783 148 962 185 Cerealia
981 151 1153 198 primum

227 211 379 245 semina
400 213 600 245 venerunt
621 211 660 244 in
683 208 782 245 rude
803 211 922 245 missa
943 208 1081 245 solum.

172 268 399 318 prodigiosa
420 268 560 318 loquor
581 274 764 305 veterum
785 269 995 305 mendacia
1015 274 1151 306 vatum
1170 283 1178 313 3

227 342 302 365 nec
322 328 417 365 tulit
438 329 537 366 haec
559 343 748 379 umquam
770 342 845 366 nec
866 329 972 366 feret
991 329 1073 366 ulla
1093 329 1189 367 dies.

172 389 232 426 Tu
254 392 399 438 potius,
420 392 515 439 ripis
536 390 658 427 effuse
680 391 889 439 capacibus
910 393 1094 427 amnis——

227 452 281 486 sic
301 455 491 486 aeternus
512 450 769 487 eas—labere
791 449 869 486 fine
890 455 961 486 tuo
980 450 986 486 !

171 523 253 546 non
274 513 350 547 eris
371 510 556 556 invidiae,
578 516 748 555 torrens,
770 510 868 546 mihi
889 510 1022 557 crede,
1045 510 1249 557 ferendae,

225 573 257 607 si
277 571 386 607 dicar
406 584 478 620 per
498 576 539 607 te
561 570 665 608 forte
687 576 871 607 retentus
891 584 1039 607 amans.

170 630 333 667 flumina
353 631 553 667 deberent
574 634 738 667 iuvenes
759 633 799 667 in
820 644 954 668 amore
975 634 1110 668 iuvare
1129 644 1138 675 3

224 691 387 728 flumina
408 696 621 728 senserunt
642 694 737 740 ipsa,
760 691 856 741 quid
878 697 984 728 esset
1003 705 1123 728 amor.

172 751 344 788 Inachus
365 755 406 788 in
429 752 553 788 Melie
576 752 796 802 Bithynide
817 752 989 801 pallidus
1010 755 1086 789 isse

225 812 372 849 dicitur
392 818 434 849 et
454 812 598 862 gelidis
618 812 830 849 incaluisse
851 812 972 849 vadis.

170 873 351 910 nondum
371 873 488 909 Troia
508 873 586 910 fuit
606 873 741 910 lustris
762 874 920 910 obsessa
941 873 1109 919 duobus,

225 947 316 970 cum
336 936 469 983 rapuit
490 933 636 980 vultus,
654 933 831 979 Xanthe,
854 934 1012 970 Neaera
1032 939 1133 971 tuos.

171 994 296 1043 quid?
354 1007 435 1030 non
456 994 645 1043 Alpheon
667 994 832 1031 diversis
853 1007 1012 1031 currere
1033 997 1150 1031 terris

226 1057 388 1104 virginis
409 1054 606 1092 Arcadiae
628 1060 760 1091 certus
781 1054 920 1104 adegit
940 1056 1080 1092 amor?

170 1120 212 1151 te
234 1128 393 1165 quoque
416 1117 648 1164 promissam
672 1115 823 1160 Xutho,
846 1115 993 1161 Penee,
1015 1115 1205 1152 Creusam

226 1174 464 1212 Phthiotum
485 1178 602 1212 terris
624 1175 843 1212 occuluisse
865 1174 1012 1212 ferunt.

170 1235 267 1285 quid
287 1235 458 1272 referam
480 1235 656 1284 Asopon,
678 1249 798 1285 quem
820 1238 928 1284 cepit
950 1236 1097 1272 Martia
1117 1235 1272 1281 Thebe,

225 1301 409 1332 natarum
430 1295 570 1333 Thebe
593 1299 770 1346 quinque
792 1295 929 1332 futura
948 1297 1122 1345 parens?

170 1369 318 1393 cornua
339 1359 370 1393 si
391 1361 460 1392 tua
481 1370 588 1392 nunc
610 1357 677 1392 ubi
699 1359 791 1401 sint,
814 1355 1007 1401 Acheloe,
1029 1359 1244 1406 requiram,

226 1410 416 1448 Herculis
437 1413 537 1448 irata
558 1410 684 1447 fracta
704 1424 873 1460 querere
894 1424 1015 1447 manu
1032 1424 1039 1454 ;

170 1479 246 1502 1160
266 1468 371 1502 tanti
393 1465 572 1515 Calydon
593 1478 667 1502 nec
687 1470 774 1502 tota
796 1465 956 1502 Aetolia
976 1468 1093 1511 tanti,

225 1534 304 1556 una
324 1525 461 1556 tamen
483 1522 586 1557 tanti
609 1519 798 1556 Deianira
818 1519 905 1556 fuit.

170 1574 238 1611 ille
259 1574 385 1611 fluens
406 1575 517 1611 dives
538 1579 706 1624 septena
727 1588 799 1623 per
818 1577 918 1611 ostia
939 1574 1067 1620 Nilus,

225 1631 293 1678 qui
314 1632 483 1678 patriam
503 1632 642 1665 tantae
663 1634 746 1665 tam
767 1629 871 1665 bene
893 1628 998 1665 celat
1018 1642 1157 1679 aquae,

171 1683 299 1720 fertur
319 1686 359 1719 in
382 1683 569 1720 Euanthe
590 1683 800 1720 collectam
821 1683 998 1732 Asopide
1019 1683 1216 1719 flammam

225 1741 385 1774 vincere
406 1739 633 1788 gurgitibus
654 1751 735 1774 non
755 1740 932 1787 potuisse
959 1740 1048 1774 suis.

170 1795 297 1830 siccus
317 1798 363 1829 ut
382 1792 573 1842 amplecti
594 1792 823 1829 Salmonida
843 1798 978 1842 posset
999 1792 1190 1841 Enipeus,

226 1847 370 1884 cedere
391 1850 505 1883 iussit
524 1860 667 1896 aquam
686 1859 694 1891 ;
724 1849 827 1884 iussa
847 1849 1013 1883 recessit
1032 1860 1144 1896 aqua.

282 1959 296 1972 ‘⁸
321 1952 394 1984 The
411 1963 469 1984 ear
486 1963 556 1984 was
573 1952 695 1983 drawn
712 1952 866 1993 through
884 1951 943 1983 the
961 1952 1013 1982 air
1029 1951 1075 1993 by
1093 1954 1263 1993 serpents.

170 2017 248 2061 468

1334 149 1381 185 15

1331 451 1382 488 20

1331 1055 1381 1092 30

1330 1356 1379 1392 35

1329 1629 1380 1665 40
