1445 2297
698 37 795 75 OVI
801 37 838 74 D

163 146 308 195 longus
328 157 439 181 amor
458 143 560 181 tales
581 156 723 192 corpus
744 145 929 180 tenuavit
948 145 990 178 in
1010 155 1103 179 usus
1349 143 1372 179 5

218 214 393 258 aptaque
414 207 612 244 subducto
633 219 797 256 corpore
817 206 998 243 membra
1018 205 1142 242 dedit.

164 271 232 309 ille
253 285 326 321 per
346 271 533 308 excubias
554 269 766 306 custodum
787 269 935 306 leniter
954 271 1011 305 ire

218 339 417 371 monstrat
436 347 444 379 ;
473 333 688 370 inoffensos
709 332 847 382 dirigit
867 332 934 369 ille
962 331 1098 382 pedes.

165 397 222 435 At
242 397 445 448 quondam
464 402 627 434 noctem
646 396 934 446 simulacraque
955 409 1055 431 vana
1074 395 1267 432 timebam
1285 407 1294 440 ;

219 461 402 506 mirabar,
424 460 603 497 tenebris
624 462 801 509 quisquis
821 461 948 495 iturus
970 463 1065 495 erat.
1327 457 1375 494 10

166 527 266 570 risit,
286 530 333 561 ut
352 524 547 569 audirem,
567 528 709 560 tenera
730 536 820 559 cum
840 527 969 559 matre
991 521 1145 571 Cupido

221 592 264 624 et
283 587 428 624 leviter
449 586 554 623 “fies
574 591 619 623 tu
640 598 798 635 quoque
819 584 933 622 fortis
947 584 968 596 '’
991 587 1056 621 ait.

172 663 248 687 nec
268 663 391 696 mora,
412 652 525 686 venit
545 662 793 685 amor—non
814 649 974 685 umbras
994 652 1114 684 nocte
1136 646 1320 692 volantis,

222 726 303 749 non
323 716 449 750 timeo
470 715 627 749 strictas
648 714 690 747 in
710 725 799 748 mea
820 710 902 748 fata
922 723 1074 747 manus.

167 782 210 813 te
232 779 403 813 nimium
424 776 582 813 lentum
603 778 740 821 timeo,
762 775 836 811 tibi
857 773 1041 811 blandior
1060 776 1131 810 uni
1149 786 1157 817 ;
1327 773 1374 809 15

222 845 280 886 tn,
300 853 366 877 me
387 852 465 890 quo
486 841 610 889 possis
631 838 815 888 perdere,
836 837 992 874 fulmen
1011 837 1145 874 habes.

169 903 446 953 Adspice—et
466 907 512 939 ut
532 901 698 947 videas,l
719 904 876 937 inmitia
897 900 1069 937 claustra
1089 899 1279 937 relaxa—

222 966 302 1003 uda
323 969 374 1003 sit
393 971 439 1002 ut
459 965 631 1002 lacrimis
651 967 769 1000 ianua
788 963 894 1000 facta
914 966 1013 1001 meis
1032 964 1038 1000 !

170 1034 281 1066 certe
303 1042 392 1079 ego,
413 1042 504 1065 cum
524 1030 653 1078 posita
674 1032 799 1064 stares
820 1027 871 1064 ad
890 1028 1056 1064 verbera
1077 1032 1202 1072 veste,

223 1092 274 1129 ad
294 1092 498 1129 dominam
518 1105 590 1141 pro
609 1097 651 1128 te
673 1091 793 1128 verba
813 1095 1016 1127 tremente
1036 1090 1122 1127 tuli.
1328 1089 1377 1126 20

171 1169 267 1206 ergo
288 1168 389 1205 quae
410 1155 535 1191 valuit
556 1168 627 1204 pro
647 1160 689 1191 te
711 1167 869 1204 quoque
891 1156 1019 1203 gratia
1040 1153 1297 1203 quondam—

224 1218 304 1256 heu
325 1218 479 1255 facinus
497 1219 634 1267 l—pro
653 1230 719 1254 me
740 1230 847 1253 nunc
868 1216 976 1253 valet
995 1216 1062 1252 illa
1082 1217 1251 1266 parum?

169 1282 295 1319 redde
315 1285 444 1318 vicem
464 1281 639 1318 meritis!
671 1285 785 1330 grato
805 1280 902 1317 licet
923 1293 1008 1317 esse
1025 1292 1033 1324 ;
1063 1279 1159 1330 quid
1184 1284 1317 1329 opstas
1334 1279 1348 1315 ?
1364 1278 1379 1303 2

224 1351 407 1395 tempora
428 1347 556 1382 noctis
578 1349 702 1388 eunt3
732 1349 877 1381 excute
898 1348 1013 1393 poste
1035 1343 1186 1380 seram!

172 1408 351 1445 Excute!
383 1411 437 1445 sic
457 1421 647 1458 umquam
666 1407 787 1457 longa
807 1406 986 1444 relevere
1006 1411 1161 1452 catena,
1329 1405 1378 1442 25

226 1484 302 1509 nec
322 1472 398 1509 tibi
417 1476 616 1521 perpetuo
638 1484 750 1507 serva
770 1471 931 1507 bibatur
950 1483 1053 1520 aqua
1069 1470 1077 1506 1

172 1534 326 1572 ferreus
346 1540 530 1572 orantem
550 1537 807 1585 nequiquam,
828 1536 985 1579 ianitor,
1006 1532 1133 1579 audis,

225 1598 432 1635 roboribus
453 1597 561 1634 duris
581 1599 699 1633 ianua
718 1595 820 1633 fulta
840 1598 955 1645 riget.

172 1661 337 1698 urbibus
358 1661 527 1698 obsessis
549 1660 705 1697 clausae
725 1661 948 1696 munimina
968 1664 1107 1709 portae

228 1729 396 1775 prosunt
414 1737 423 1769 ;
452 1727 494 1760 in
513 1723 646 1761 media
665 1736 763 1773 pace
784 1722 881 1773 quid.
900 1736 1009 1759 arma
1029 1723 1177 1759 times?
1329 1720 1379 1758 30

217 1813 227 1833 ¹
252 1818 289 1846 et
313 1819 355 1846 ut
379 1813 499 1845 videas
534 1813 734 1852 Gronovz'zffl,
758 1812 859 1854 from
889 1812 1010 1845 MSS:
1042 1813 1097 1844 uti
1128 1811 1249 1843 videas
1280 1811 1376 1843 Ehw.

173 1858 275 1890 Nem.
298 1858 374 1889 Bm
401 1864 436 1889 et
453 1858 592 1889 omitted
609 1857 664 1889 Ps
680 1870 686 1889 :
712 1857 870 1888 invideas
888 1870 913 1888 ς.

181 1901 229 1977 V2
253 1901 338 1944 quid
363 1904 484 1944 opstas
511 1901 632 1933 Heim
660 1900 753 1943 quod
779 1904 881 1943 optas
905 1899 1011 1932 MSS.
1040 1900 1118 1932 B7·.:
1152 1900 1230 1942 quis
1261 1898 1380 1930 obstat

173 1956 191 1977 A
214 1956 275 1978 em.

175 2010 252 2057 336
