<?xml version="1.0" encoding="UTF-8"?>
<!DOCTYPE html PUBLIC "-//W3C//DTD XHTML 1.0 Transitional//EN"
    "http://www.w3.org/TR/xhtml1/DTD/xhtml1-transitional.dtd">
<html xmlns="http://www.w3.org/1999/xhtml" xml:lang="en" lang="en">
 <head>
  <title>
</title>
<meta http-equiv="Content-Type" content="text/html;charset=utf-8" />
  <meta name='ocr-system' content='tesseract 3.04.00' />
  <meta name='ocr-capabilities' content='ocr_page ocr_carea ocr_par ocr_line ocrx_word'/>
</head>
<body>
  <div class='ocr_page' id='page_1' title='image "./heroidesamores00ovid_0350.png"; bbox 0 0 1445 2297; ppageno 0'>
   <div class='ocr_carea' id='block_1_1' title="bbox 713 32 853 70">
    <p class='ocr_par' dir='ltr' id='par_1_1' title="bbox 713 32 853 70">
     <span class='ocr_line' id='line_1_1' title="bbox 713 32 853 70; baseline -0.007 0"><span class='ocrx_word' id='word_1_1' title='bbox 713 32 853 70; x_wconf 91' lang='lat' dir='ltr'>OVID</span> 
     </span>
    </p>
   </div>
   <div class='ocr_carea' id='block_1_2' title="bbox 174 139 1386 1513">
    <p class='ocr_par' dir='ltr' id='par_1_2' title="bbox 174 139 1386 1513">
     <span class='ocr_line' id='line_1_2' title="bbox 174 139 1105 189; baseline 0 -13"><span class='ocrx_word' id='word_1_2' title='bbox 174 140 242 176; x_wconf 84' lang='lat' dir='ltr'>illa</span> <span class='ocrx_word' id='word_1_3' title='bbox 262 139 501 176; x_wconf 83' lang='lat' dir='ltr'>verecundis</span> <span class='ocrx_word' id='word_1_4' title='bbox 521 139 589 176; x_wconf 87' lang='lat' dir='ltr'>lux</span> <span class='ocrx_word' id='word_1_5' title='bbox 611 144 673 176; x_wconf 83' lang='lat' dir='ltr'>est</span> <span class='ocrx_word' id='word_1_6' title='bbox 694 139 925 189; x_wconf 88' lang='lat' dir='ltr'>praebenda</span> <span class='ocrx_word' id='word_1_7' title='bbox 945 139 1105 189; x_wconf 77' lang='lat' dir='ltr'><strong>puellis,</strong></span> 
     </span>
     <span class='ocr_line' id='line_1_3' title="bbox 231 205 1176 256; baseline 0 -14"><span class='ocrx_word' id='word_1_8' title='bbox 231 219 308 256; x_wconf 90' lang='lat' dir='ltr'>qua</span> <span class='ocrx_word' id='word_1_9' title='bbox 328 205 494 242; x_wconf 83' lang='lat' dir='ltr'>timidus</span> <span class='ocrx_word' id='word_1_10' title='bbox 514 205 689 242; x_wconf 80' lang='lat' dir='ltr'>latebras</span> <span class='ocrx_word' id='word_1_11' title='bbox 711 211 847 255; x_wconf 84' lang='lat' dir='ltr'>speret</span> <span class='ocrx_word' id='word_1_12' title='bbox 867 205 1016 243; x_wconf 89' lang='lat' dir='ltr'>habere</span> <span class='ocrx_word' id='word_1_13' title='bbox 1037 205 1176 255; x_wconf 86' lang='lat' dir='ltr'>pudor.</span> 
     </span>
     <span class='ocr_line' id='line_1_4' title="bbox 175 271 1144 318; baseline -0.001 -9"><span class='ocrx_word' id='word_1_14' title='bbox 175 285 282 317; x_wconf 81' lang='lat' dir='ltr'>ecce,</span> <span class='ocrx_word' id='word_1_15' title='bbox 305 271 477 308; x_wconf 79' lang='lat' dir='ltr'>Corinna</span> <span class='ocrx_word' id='word_1_16' title='bbox 498 274 622 317; x_wconf 84' lang='lat' dir='ltr'>venit,</span> <span class='ocrx_word' id='word_1_17' title='bbox 642 274 779 308; x_wconf 83' lang='lat' dir='ltr'>tunica</span> <span class='ocrx_word' id='word_1_18' title='bbox 801 272 931 309; x_wconf 85' lang='lat' dir='ltr'>velata</span> <span class='ocrx_word' id='word_1_19' title='bbox 953 275 1144 318; x_wconf 76' lang='lat' dir='ltr'><strong>recincta,</strong></span> 
     </span>
     <span class='ocr_line' id='line_1_5' title="bbox 230 337 1386 388; baseline 0.002 -14"><span class='ocrx_word' id='word_1_20' title='bbox 230 338 401 375; x_wconf 86' lang='lat' dir='ltr'>candida</span> <span class='ocrx_word' id='word_1_21' title='bbox 422 337 585 375; x_wconf 83' lang='lat' dir='ltr'>dividua</span> <span class='ocrx_word' id='word_1_22' title='bbox 605 337 707 374; x_wconf 84' lang='lat' dir='ltr'>colla</span> <span class='ocrx_word' id='word_1_23' title='bbox 726 343 897 388; x_wconf 84' lang='lat' dir='ltr'>tegente</span> <span class='ocrx_word' id='word_1_24' title='bbox 918 352 1087 375; x_wconf 80' lang='lat' dir='ltr'>eoma—</span> <span class='ocrx_word' id='word_1_25' title='bbox 1338 339 1386 376; x_wconf 90' lang='grc'>10</span> 
     </span>
     <span class='ocr_line' id='line_1_6' title="bbox 175 403 1151 454; baseline 0.001 -14"><span class='ocrx_word' id='word_1_26' title='bbox 175 403 350 454; x_wconf 87' lang='lat' dir='ltr'>qualiter</span> <span class='ocrx_word' id='word_1_27' title='bbox 369 406 411 439; x_wconf 93' lang='lat' dir='ltr'>in</span> <span class='ocrx_word' id='word_1_28' title='bbox 432 403 630 440; x_wconf 76' lang='lat' dir='ltr'>thalamos</span> <span class='ocrx_word' id='word_1_29' title='bbox 651 403 803 440; x_wconf 78' lang='lat' dir='ltr'>famosa</span> <span class='ocrx_word' id='word_1_30' title='bbox 824 404 1054 441; x_wconf 80' lang='lat' dir='ltr'>Semiramis</span> <span class='ocrx_word' id='word_1_31' title='bbox 1074 407 1151 441; x_wconf 83' lang='lat' dir='ltr'>isse</span> 
     </span>
     <span class='ocr_line' id='line_1_7' title="bbox 229 469 1003 516; baseline 0.003 -10"><span class='ocrx_word' id='word_1_32' title='bbox 229 469 390 516; x_wconf 80' lang='lat' dir='ltr'>dieitur,</span> <span class='ocrx_word' id='word_1_33' title='bbox 412 475 455 507; x_wconf 93' lang='lat' dir='ltr'>et</span> <span class='ocrx_word' id='word_1_34' title='bbox 475 470 614 507; x_wconf 84' lang='lat' dir='ltr'>multis</span> <span class='ocrx_word' id='word_1_35' title='bbox 636 470 728 507; x_wconf 85' lang='lat' dir='ltr'>Lais</span> <span class='ocrx_word' id='word_1_36' title='bbox 748 475 880 508; x_wconf 85' lang='lat' dir='ltr'>amata</span> <span class='ocrx_word' id='word_1_37' title='bbox 901 474 1003 508; x_wconf 84' lang='lat' dir='ltr'>viris.</span> 
     </span>
     <span class='ocr_line' id='line_1_8' title="bbox 177 536 1198 586; baseline 0.002 -14"><span class='ocrx_word' id='word_1_38' title='bbox 177 536 347 586; x_wconf 77' lang='lat' dir='ltr'>Deripui</span> <span class='ocrx_word' id='word_1_39' title='bbox 368 539 680 573; x_wconf 83' lang='lat' dir='ltr'>tunicam—nec</span> <span class='ocrx_word' id='word_1_40' title='bbox 700 536 874 573; x_wconf 88' lang='lat' dir='ltr'>multum</span> <span class='ocrx_word' id='word_1_41' title='bbox 895 551 981 573; x_wconf 78' lang='lat' dir='ltr'>rara</span> <span class='ocrx_word' id='word_1_42' title='bbox 1002 538 1198 582; x_wconf 80' lang='lat' dir='ltr'>nocebat3</span> 
     </span>
     <span class='ocr_line' id='line_1_9' title="bbox 230 603 1049 653; baseline 0.001 -14"><span class='ocrx_word' id='word_1_43' title='bbox 230 603 437 652; x_wconf 77' lang='lat' dir='ltr'>pugnabat</span> <span class='ocrx_word' id='word_1_44' title='bbox 457 606 594 640; x_wconf 87' lang='lat' dir='ltr'>tunica</span> <span class='ocrx_word' id='word_1_45' title='bbox 615 603 685 640; x_wconf 80' lang='lat' dir='ltr'>sed</span> <span class='ocrx_word' id='word_1_46' title='bbox 706 608 843 640; x_wconf 87' lang='lat' dir='ltr'>tamen</span> <span class='ocrx_word' id='word_1_47' title='bbox 865 603 931 640; x_wconf 86' lang='lat' dir='ltr'>illa</span> <span class='ocrx_word' id='word_1_48' title='bbox 952 606 1049 653; x_wconf 82' lang='lat' dir='ltr'>tegi.</span> 
     </span>
     <span class='ocr_line' id='line_1_10' title="bbox 175 671 1332 719; baseline 0.001 -15"><span class='ocrx_word' id='word_1_49' title='bbox 175 682 278 718; x_wconf 84' lang='lat' dir='ltr'>quae</span> <span class='ocrx_word' id='word_1_50' title='bbox 317 682 405 705; x_wconf 85' lang='lat' dir='ltr'>cum</span> <span class='ocrx_word' id='word_1_51' title='bbox 447 671 502 705; x_wconf 81' lang='lat' dir='ltr'>ita</span> <span class='ocrx_word' id='word_1_52' title='bbox 541 674 756 718; x_wconf 75' lang='lat' dir='ltr'>pugnaret,</span> <span class='ocrx_word' id='word_1_53' title='bbox 793 674 999 719; x_wconf 75' lang='lat' dir='ltr'>tamquam</span> <span class='ocrx_word' id='word_1_54' title='bbox 1038 682 1139 719; x_wconf 82' lang='lat' dir='ltr'>quae</span> <span class='ocrx_word' id='word_1_55' title='bbox 1172 671 1332 705; x_wconf 75' lang='lat' dir='ltr'>vinc-ere</span> 
     </span>
     <span class='ocr_line' id='line_1_11' title="bbox 284 734 1385 780; baseline 0 -9"><span class='ocrx_word' id='word_1_56' title='bbox 284 734 424 780; x_wconf 85' lang='lat' dir='ltr'>nollet,</span> <span class='ocrx_word' id='word_1_57' title='bbox 1339 735 1385 771; x_wconf 74' lang='lat' dir='ltr'>lo</span> 
     </span>
     <span class='ocr_line' id='line_1_12' title="bbox 229 800 1012 851; baseline 0 -14"><span class='ocrx_word' id='word_1_58' title='bbox 229 804 334 838; x_wconf 87' lang='lat' dir='ltr'>victa</span> <span class='ocrx_word' id='word_1_59' title='bbox 356 806 418 838; x_wconf 85' lang='lat' dir='ltr'>est</span> <span class='ocrx_word' id='word_1_60' title='bbox 438 814 518 837; x_wconf 88' lang='lat' dir='ltr'>non</span> <span class='ocrx_word' id='word_1_61' title='bbox 539 814 660 850; x_wconf 85' lang='lat' dir='ltr'>aegre</span> <span class='ocrx_word' id='word_1_62' title='bbox 682 800 910 851; x_wconf 81' lang='lat' dir='ltr'>proditione</span> <span class='ocrx_word' id='word_1_63' title='bbox 933 814 1012 837; x_wconf 84' lang='lat' dir='ltr'>sua.</span> 
     </span>
     <span class='ocr_line' id='line_1_13' title="bbox 175 867 1190 917; baseline -0.001 -13"><span class='ocrx_word' id='word_1_64' title='bbox 175 872 220 904; x_wconf 89' lang='lat' dir='ltr'>ut</span> <span class='ocrx_word' id='word_1_65' title='bbox 241 870 357 904; x_wconf 81' lang='lat' dir='ltr'>stetit</span> <span class='ocrx_word' id='word_1_66' title='bbox 377 873 472 904; x_wconf 88' lang='lat' dir='ltr'>ante</span> <span class='ocrx_word' id='word_1_67' title='bbox 493 867 628 904; x_wconf 82' lang='lat' dir='ltr'>oculos</span> <span class='ocrx_word' id='word_1_68' title='bbox 649 870 780 917; x_wconf 82' lang='lat' dir='ltr'>posito</span> <span class='ocrx_word' id='word_1_69' title='bbox 801 867 1000 904; x_wconf 88' lang='lat' dir='ltr'>velamine</span> <span class='ocrx_word' id='word_1_70' title='bbox 1020 872 1190 913; x_wconf 79' lang='lat' dir='ltr'>nostros,</span> 
     </span>
     <span class='ocr_line' id='line_1_14' title="bbox 228 933 1057 983; baseline 0 -13"><span class='ocrx_word' id='word_1_71' title='bbox 228 936 270 969; x_wconf 93' lang='lat' dir='ltr'>in</span> <span class='ocrx_word' id='word_1_72' title='bbox 290 938 378 970; x_wconf 90' lang='lat' dir='ltr'>toto</span> <span class='ocrx_word' id='word_1_73' title='bbox 399 947 596 983; x_wconf 79' lang='lat' dir='ltr'>nusquam</span> <span class='ocrx_word' id='word_1_74' title='bbox 617 946 781 983; x_wconf 86' lang='lat' dir='ltr'>corpore</span> <span class='ocrx_word' id='word_1_75' title='bbox 801 933 949 970; x_wconf 87' lang='lat' dir='ltr'>menda</span> <span class='ocrx_word' id='word_1_76' title='bbox 969 933 1057 970; x_wconf 87' lang='lat' dir='ltr'>fuit.</span> 
     </span>
     <span class='ocr_line' id='line_1_15' title="bbox 176 999 1169 1049; baseline 0.001 -14"><span class='ocrx_word' id='word_1_77' title='bbox 176 1012 275 1049; x_wconf 81' lang='lat' dir='ltr'>quos</span> <span class='ocrx_word' id='word_1_78' title='bbox 296 1012 467 1045; x_wconf 82' lang='lat' dir='ltr'>umeros,</span> <span class='ocrx_word' id='word_1_79' title='bbox 489 999 627 1049; x_wconf 83' lang='lat' dir='ltr'>quales</span> <span class='ocrx_word' id='word_1_80' title='bbox 649 999 729 1036; x_wconf 86' lang='lat' dir='ltr'>vidi</span> <span class='ocrx_word' id='word_1_81' title='bbox 750 1002 950 1049; x_wconf 74' lang='lat' dir='ltr'>tetigique</span> <span class='ocrx_word' id='word_1_82' title='bbox 970 999 1141 1037; x_wconf 84' lang='lat' dir='ltr'>lacertos</span> <span class='ocrx_word' id='word_1_83' title='bbox 1162 1001 1169 1036; x_wconf 80' lang='lat'>1</span> 
     </span>
     <span class='ocr_line' id='line_1_16' title="bbox 229 1064 1386 1116; baseline 0.001 -15"><span class='ocrx_word' id='word_1_84' title='bbox 229 1064 355 1101; x_wconf 91' lang='lat' dir='ltr'>forma</span> <span class='ocrx_word' id='word_1_85' title='bbox 376 1065 614 1115; x_wconf 81' lang='lat' dir='ltr'>papillarum</span> <span class='ocrx_word' id='word_1_86' title='bbox 635 1079 754 1116; x_wconf 85' lang='lat' dir='ltr'>quam</span> <span class='ocrx_word' id='word_1_87' title='bbox 774 1065 853 1102; x_wconf 89' lang='lat' dir='ltr'>fuit</span> <span class='ocrx_word' id='word_1_88' title='bbox 872 1071 965 1115; x_wconf 84' lang='lat' dir='ltr'>apta</span> <span class='ocrx_word' id='word_1_89' title='bbox 986 1069 1114 1115; x_wconf 88' lang='lat' dir='ltr'>premi</span> <span class='ocrx_word' id='word_1_90' title='bbox 1134 1066 1140 1102; x_wconf 75' lang='grc' dir='ltr'>ἔ</span> <span class='ocrx_word' id='word_1_91' title='bbox 1336 1065 1386 1102; x_wconf 79' lang='lat'>20</span> 
     </span>
     <span class='ocr_line' id='line_1_17' title="bbox 174 1131 1143 1181; baseline 0.002 -15"><span class='ocrx_word' id='word_1_92' title='bbox 174 1143 294 1180; x_wconf 78' lang='lat' dir='ltr'>quam</span> <span class='ocrx_word' id='word_1_93' title='bbox 315 1134 511 1181; x_wconf 81' lang='lat' dir='ltr'>castigato</span> <span class='ocrx_word' id='word_1_94' title='bbox 532 1131 674 1181; x_wconf 78' lang='lat' dir='ltr'>planus</span> <span class='ocrx_word' id='word_1_95' title='bbox 695 1132 768 1168; x_wconf 86' lang='lat' dir='ltr'>sub</span> <span class='ocrx_word' id='word_1_96' title='bbox 789 1137 954 1181; x_wconf 83' lang='lat' dir='ltr'>pectore</span> <span class='ocrx_word' id='word_1_97' title='bbox 974 1137 1119 1169; x_wconf 83' lang='lat' dir='ltr'>venter</span> <span class='ocrx_word' id='word_1_98' title='bbox 1136 1132 1143 1168; x_wconf 73' lang='grc' dir='ltr'><em>Ξ</em></span> 
     </span>
     <span class='ocr_line' id='line_1_18' title="bbox 229 1197 1312 1248; baseline -0.001 -14"><span class='ocrx_word' id='word_1_99' title='bbox 229 1202 426 1247; x_wconf 82' lang='lat' dir='ltr'>quantum</span> <span class='ocrx_word' id='word_1_100' title='bbox 447 1202 489 1234; x_wconf 91' lang='lat' dir='ltr'>et</span> <span class='ocrx_word' id='word_1_101' title='bbox 510 1197 627 1247; x_wconf 88' lang='lat' dir='ltr'>quale</span> <span class='ocrx_word' id='word_1_102' title='bbox 648 1197 752 1235; x_wconf 85' lang='lat' dir='ltr'>latus</span> <span class='ocrx_word' id='word_1_103' title='bbox 773 1199 779 1234; x_wconf 88' lang='lat'>!</span> <span class='ocrx_word' id='word_1_104' title='bbox 810 1211 929 1248; x_wconf 80' lang='lat' dir='ltr'>quam</span> <span class='ocrx_word' id='word_1_105' title='bbox 950 1197 1134 1235; x_wconf 87' lang='lat' dir='ltr'>iuvenale</span> <span class='ocrx_word' id='word_1_106' title='bbox 1156 1197 1286 1234; x_wconf 87' lang='lat' dir='ltr'>femur</span> <span class='ocrx_word' id='word_1_107' title='bbox 1304 1197 1312 1233; x_wconf 77' lang='lat' dir='ltr'>I</span> 
     </span>
     <span class='ocr_line' id='line_1_19' title="bbox 175 1262 1194 1313; baseline 0 -13"><span class='ocrx_word' id='word_1_108' title='bbox 175 1262 342 1312; x_wconf 79' lang='lat' dir='ltr'>Singula</span> <span class='ocrx_word' id='word_1_109' title='bbox 363 1263 459 1313; x_wconf 91' lang='lat' dir='ltr'>quid</span> <span class='ocrx_word' id='word_1_110' title='bbox 480 1263 682 1300; x_wconf 80' lang='lat' dir='ltr'>referam?</span> <span class='ocrx_word' id='word_1_111' title='bbox 712 1264 768 1300; x_wconf 88' lang='lat' dir='ltr'>nil</span> <span class='ocrx_word' id='word_1_112' title='bbox 789 1277 871 1300; x_wconf 88' lang='lat' dir='ltr'>non</span> <span class='ocrx_word' id='word_1_113' title='bbox 891 1263 1092 1301; x_wconf 88' lang='lat' dir='ltr'>laudabile</span> <span class='ocrx_word' id='word_1_114' title='bbox 1114 1264 1194 1300; x_wconf 90' lang='lat' dir='ltr'>vidi</span> 
     </span>
     <span class='ocr_line' id='line_1_20' title="bbox 229 1329 1138 1380; baseline 0.001 -15"><span class='ocrx_word' id='word_1_115' title='bbox 229 1334 272 1366; x_wconf 92' lang='lat' dir='ltr'>et</span> <span class='ocrx_word' id='word_1_116' title='bbox 292 1329 443 1366; x_wconf 85' lang='lat' dir='ltr'>nudam</span> <span class='ocrx_word' id='word_1_117' title='bbox 463 1332 589 1379; x_wconf 80' lang='lat' dir='ltr'>pressi</span> <span class='ocrx_word' id='word_1_118' title='bbox 610 1343 752 1379; x_wconf 82' lang='lat' dir='ltr'>corpus</span> <span class='ocrx_word' id='word_1_119' title='bbox 773 1329 822 1367; x_wconf 87' lang='lat' dir='ltr'>ad</span> <span class='ocrx_word' id='word_1_120' title='bbox 844 1343 970 1380; x_wconf 83' lang='lat' dir='ltr'>usque</span> <span class='ocrx_word' id='word_1_121' title='bbox 991 1343 1138 1367; x_wconf 89' lang='lat' dir='ltr'>meum.</span> 
     </span>
     <span class='ocr_line' id='line_1_21' title="bbox 175 1394 1383 1446; baseline 0 -15"><span class='ocrx_word' id='word_1_122' title='bbox 175 1394 319 1432; x_wconf 87' lang='lat' dir='ltr'>Cetera</span> <span class='ocrx_word' id='word_1_123' title='bbox 339 1398 427 1445; x_wconf 83' lang='lat' dir='ltr'>quis</span> <span class='ocrx_word' id='word_1_124' title='bbox 447 1398 577 1433; x_wconf 82' lang='lat' dir='ltr'>nescit</span> <span class='ocrx_word' id='word_1_125' title='bbox 594 1397 608 1432; x_wconf 90' lang='lat'>?</span> <span class='ocrx_word' id='word_1_126' title='bbox 637 1395 729 1432; x_wconf 83' lang='lat' dir='ltr'>lassi</span> <span class='ocrx_word' id='word_1_127' title='bbox 749 1398 1017 1446; x_wconf 87' lang='lat' dir='ltr'>requievimus</span> <span class='ocrx_word' id='word_1_128' title='bbox 1037 1397 1164 1433; x_wconf 87' lang='lat' dir='ltr'>ambo.</span> <span class='ocrx_word' id='word_1_129' title='bbox 1334 1395 1383 1431; x_wconf 75' lang='lat'>25</span> 
     </span>
     <span class='ocr_line' id='line_1_22' title="bbox 229 1462 1075 1513; baseline 0.001 -15"><span class='ocrx_word' id='word_1_130' title='bbox 229 1465 469 1511; x_wconf 85' lang='lat' dir='ltr'>proveniant</span> <span class='ocrx_word' id='word_1_131' title='bbox 488 1462 611 1500; x_wconf 89' lang='lat' dir='ltr'>medii</span> <span class='ocrx_word' id='word_1_132' title='bbox 632 1465 687 1500; x_wconf 84' lang='lat' dir='ltr'>sic</span> <span class='ocrx_word' id='word_1_133' title='bbox 707 1462 806 1499; x_wconf 92' lang='lat' dir='ltr'>mihi</span> <span class='ocrx_word' id='word_1_134' title='bbox 827 1476 946 1513; x_wconf 74' lang='lat' dir='ltr'>saepe</span> <span class='ocrx_word' id='word_1_135' title='bbox 967 1462 1075 1500; x_wconf 78' lang='lat' dir='ltr'>dies!</span> 
     </span>
    </p>
   </div>
   <div class='ocr_carea' id='block_1_3' title="bbox 754 1630 809 1666">
    <p class='ocr_par' dir='ltr' id='par_1_3' title="bbox 754 1630 809 1666">
     <span class='ocr_line' id='line_1_23' title="bbox 754 1630 809 1666; baseline 0 0"><span class='ocrx_word' id='word_1_136' title='bbox 754 1630 809 1666; x_wconf 82' lang='lat' dir='ltr'>VI</span> 
     </span>
    </p>
   </div>
   <div class='ocr_carea' id='block_1_4' title="bbox 173 1735 1275 1983">
    <p class='ocr_par' dir='ltr' id='par_1_4' title="bbox 174 1735 1161 1852">
     <span class='ocr_line' id='line_1_24' title="bbox 174 1735 1161 1786; baseline 0.001 -15"><span class='ocrx_word' id='word_1_137' title='bbox 174 1735 615 1785; x_wconf 78' lang='lat' dir='ltr'>IAN1TOR—-indignum</span> <span class='ocrx_word' id='word_1_138' title='bbox 630 1735 795 1772; x_wconf 75' lang='lat' dir='ltr'>I—dura</span> <span class='ocrx_word' id='word_1_139' title='bbox 815 1736 985 1786; x_wconf 80' lang='lat' dir='ltr'>religate</span> <span class='ocrx_word' id='word_1_140' title='bbox 1007 1741 1161 1782; x_wconf 83' lang='lat' dir='ltr'>catena,</span> 
     </span>
     <span class='ocr_line' id='line_1_25' title="bbox 229 1800 1074 1852; baseline 0 -14"><span class='ocrx_word' id='word_1_141' title='bbox 229 1800 431 1838; x_wconf 85' lang='lat' dir='ltr'>difficilem</span> <span class='ocrx_word' id='word_1_142' title='bbox 451 1807 562 1838; x_wconf 85' lang='lat' dir='ltr'>moto</span> <span class='ocrx_word' id='word_1_143' title='bbox 582 1801 744 1839; x_wconf 82' lang='lat' dir='ltr'>cardine</span> <span class='ocrx_word' id='word_1_144' title='bbox 765 1801 898 1852; x_wconf 88' lang='lat' dir='ltr'>pande</span> <span class='ocrx_word' id='word_1_145' title='bbox 919 1801 1047 1839; x_wconf 90' lang='lat' dir='ltr'>forem</span> <span class='ocrx_word' id='word_1_146' title='bbox 1067 1803 1074 1839; x_wconf 77' lang='lat'>1</span> 
     </span>
    </p>

    <p class='ocr_par' dir='ltr' id='par_1_5' title="bbox 173 1866 1275 1983">
     <span class='ocr_line' id='line_1_26' title="bbox 173 1866 1275 1918; baseline 0.001 -15"><span class='ocrx_word' id='word_1_147' title='bbox 173 1866 281 1916; x_wconf 92' lang='lat' dir='ltr'>quod</span> <span class='ocrx_word' id='word_1_148' title='bbox 302 1879 455 1916; x_wconf 85' lang='lat' dir='ltr'>precor,</span> <span class='ocrx_word' id='word_1_149' title='bbox 478 1870 669 1917; x_wconf 82' lang='lat' dir='ltr'>exiguum</span> <span class='ocrx_word' id='word_1_150' title='bbox 690 1867 920 1904; x_wconf 83' lang='lat' dir='ltr'>est—aditu</span> <span class='ocrx_word' id='word_1_151' title='bbox 941 1867 1002 1904; x_wconf 79' lang='lat' dir='ltr'>fac</span> <span class='ocrx_word' id='word_1_152' title='bbox 1024 1870 1141 1905; x_wconf 88' lang='lat' dir='ltr'>ianua</span> <span class='ocrx_word' id='word_1_153' title='bbox 1153 1881 1275 1918; x_wconf 84' lang='lat' dir='ltr'>parvo</span> 
     </span>
     <span class='ocr_line' id='line_1_27' title="bbox 226 1931 1032 1983; baseline 0.002 -15"><span class='ocrx_word' id='word_1_154' title='bbox 226 1931 434 1982; x_wconf 91' lang='lat' dir='ltr'>obliquum</span> <span class='ocrx_word' id='word_1_155' title='bbox 454 1936 585 1982; x_wconf 84' lang='lat' dir='ltr'>capiat</span> <span class='ocrx_word' id='word_1_156' title='bbox 604 1933 897 1983; x_wconf 81' lang='lat' dir='ltr'>semiadaperta</span> <span class='ocrx_word' id='word_1_157' title='bbox 916 1933 1032 1971; x_wconf 79' lang='lat' dir='ltr'>latus.</span> 
     </span>
    </p>
   </div>
   <div class='ocr_carea' id='block_1_5' title="bbox 174 2022 252 2058">
    <p class='ocr_par' dir='ltr' id='par_1_6' title="bbox 174 2022 252 2058">
     <span class='ocr_line' id='line_1_28' title="bbox 174 2022 252 2058; baseline -0.026 0"><span class='ocrx_word' id='word_1_158' title='bbox 174 2022 252 2058; x_wconf 81' lang='lat'>334</span> 
     </span>
    </p>
   </div>
  </div>
 </body>
</html>
