1409 2282
683 81 824 119 OVID

153 185 229 223 Per
248 186 401 223 reditus
423 199 645 236 corpusque
666 192 794 232 tuum,
816 200 905 223 mea
926 189 1102 232 numina,
1125 189 1223 232 iuro,

204 265 355 302 perque
377 265 491 301 pares
511 255 633 288 animi
654 255 908 302 coniugiique
929 251 1065 297 faces,l
1279 252 1354 288 160

150 331 214 354 me
236 319 309 354 tibi
331 323 542 354 venturam
563 320 763 363 comitem,
785 331 1037 368 quocumque
1056 320 1218 363 vocaris,
1279 318 1353 355 163

204 383 450 433 sive—quod
471 383 573 420 heu!
604 386 866 420 timeo—sive
888 388 1090 432 superstes
1112 386 1198 420 eris.

150 448 292 485 ultima
310 448 501 485 mandato
521 448 731 485 claudetur
751 448 923 498 epistula
942 462 1062 497 parvo
1085 462 1093 486 :

204 516 235 550 si
257 515 330 551 tibi
352 527 445 551 cura
466 517 559 560 mei,
581 517 633 551 sit
652 515 727 550 tibi
748 527 842 550 cura
862 516 922 550 tui
942 514 948 550 Σ

705 711 802 748 XIV

494 800 797 836 HYPERMESTRA
835 799 999 835 LYNch

152 890 305 926 MlT'rIT
327 890 623 939 Hypermestra
642 888 693 925 de
714 894 777 926 tot
797 889 916 925 modo
936 888 1124 924 fratribus
1146 890 1269 929 uni——

203 955 338 987 cetera
358 955 574 998 nuptarum
595 952 759 986 crimine
780 950 898 986 turba
913 952 1027 985 iacet.

150 1010 281 1046 clausa
301 1010 420 1046 domo
440 1015 584 1045 teneor
603 1010 868 1059 gravibusque
891 1011 1063 1045 coercita
1083 1007 1246 1051 vinclis3

205 1075 266 1106 est
286 1069 384 1105 mihi
404 1069 587 1118 supplicii
608 1082 723 1105 causa
745 1069 864 1105 fuisse
885 1072 1001 1118 piam.

149 1130 256 1180 quod
276 1143 417 1166 manus
439 1132 626 1165 extimuit
646 1129 783 1178 iugulo
803 1129 1020 1166 demittere
1042 1127 1205 1172 ferrum,
1331 1128 1353 1163 5

203 1204 291 1226 sum
311 1203 402 1234 rea;
431 1189 626 1235 laudarer,
648 1192 679 1225 si
700 1189 828 1225 scelus
849 1202 942 1225 ausa
962 1188 1099 1224 forem.

150 1263 235 1287 esse
257 1263 366 1287 ream
387 1255 578 1299 praestat,
599 1263 718 1299 quam
739 1252 793 1285 sic
814 1249 1008 1298 placuisse
1030 1250 1187 1297 parenti
1210 1260 1219 1292 ;

204 1324 284 1346 non
305 1313 419 1359 piget
439 1313 623 1346 inmunes
645 1309 777 1346 caedis
798 1309 945 1346 habere
966 1321 1116 1344 manus.

149 1384 213 1407 me
235 1376 350 1420 pater
370 1373 464 1419 igne
486 1370 594 1413 licet,
616 1383 736 1419 quem
758 1383 838 1405 non
859 1369 1104 1412 violavimus,
1127 1373 1226 1413 urat,

204 1444 386 1480 quaeque
407 1430 576 1467 aderant
595 1432 726 1474 sacris,
742 1429 886 1466 tendat
907 1432 947 1464 in
968 1442 1035 1465 ora
1055 1427 1161 1464 faces
1177 1441 1186 1471 ;
1305 1427 1353 1463 10

149 1496 219 1527 aut
240 1490 307 1526 illo
328 1490 498 1539 iugulet,
519 1503 639 1539 quem
659 1503 740 1525 non
761 1490 865 1526 bene
885 1488 1054 1525 tradidit
1075 1501 1225 1532 ensem,

204 1556 262 1596 ut,
284 1564 361 1600 qua
381 1564 462 1586 non
483 1550 630 1586 cecidit
651 1552 710 1585 vir
731 1563 843 1594 nece,
865 1554 992 1598 nupta
1013 1548 1208 1584 cadam—

151 1624 232 1647 non
254 1616 404 1655 tamen,
427 1615 471 1646 ut
491 1610 629 1646 dicant
649 1612 861 1645 morientia
883 1613 907 1629 ·'‘
924 1611 1107 1658 paenitet
1124 1608 1130 1644 I
1148 1608 1168 1619 ''
1200 1621 1280 1653 ora,

205 1671 359 1707 efficiet.
419 1684 499 1706 non
521 1675 594 1715 est,
617 1683 734 1720 quam
756 1672 869 1719 piget
891 1682 977 1705 esse
1001 1671 1118 1717 piam.

150 1734 356 1780 paeniteat
377 1730 536 1767 sceleris
558 1730 743 1766 Danaum
763 1742 978 1779 saevasque
999 1741 1151 1765 sorores
1167 1741 1176 1772 ;
1302 1727 1349 1763 15

203 1791 268 1827 hic
288 1791 390 1828 Solet
411 1796 579 1827 eventus
599 1790 705 1826 facta
726 1789 899 1826 nefanda
921 1791 1043 1839 sequi.

279 1886 289 1905 ¹
316 1887 388 1924 161,
410 1887 472 1917 162
487 1885 646 1926 spurious
662 1886 729 1917 Pa.
748 1898 754 1917 :

322 1949 462 1980 perque,
482 1937 576 1980 quod
591 1942 631 1969 ut
648 1937 787 1969 videam
804 1937 899 1968 canis
915 1936 1031 1968 albere
1047 1936 1194 1978 capillis,

365 1981 458 2023 quod
477 1986 591 2013 tecum
608 1982 719 2023 possis
736 1982 810 2022 ipse
827 1980 969 2019 referre,
988 1985 1106 2021 caput.

154 2055 227 2091 170
