1445 2297
672 86 768 124 OVI
774 87 811 124 D

139 187 272 237 Iurgia
293 186 483 224 finieram.
525 189 646 223 scires
664 186 846 224 audisse:
876 187 1100 224 rubebat——

192 267 267 290 nec
287 259 425 290 tamen
445 252 614 290 adsueto
635 252 786 289 tardius
809 253 1025 290 orta-dies!

691 443 788 480 XIV

137 550 322 587 DICEBAM
345 554 368 570 “
384 549 586 586 medicare
607 554 698 586 tuos
718 549 869 587 desiste
892 549 1056 599 capillos
1074 551 1080 587 !
1098 549 1118 561 ’'

188 613 350 660 tingere
371 623 491 660 quam
511 612 650 659 possis,
670 612 749 646 iam
769 610 845 647 tibi
866 610 977 647 nulla
998 623 1111 647 coma
1132 616 1207 648 est.

136 676 178 708 at
199 673 230 707 si
250 684 364 720 passa
384 670 502 715 fores,
523 670 620 720 quid
641 675 728 707 erat
748 673 959 720 spatiosius
980 670 1087 707 illis?

190 734 448 780 contigerant
468 733 606 775 imum,
628 744 705 780 qua
726 736 841 780 patet
861 744 1001 780 usque,
1020 730 1136 768 latus.

135 791 246 841 quid,
267 791 373 841 quod
396 796 511 827 erant
532 796 691 836 tenues,
713 796 755 828 et
776 804 874 841 quos
895 804 1036 828 ornare
1056 794 1221 828 timeres
1238 792 1252 828 ?
1322 792 1344 828 5

189 851 278 888 vela
299 851 461 888 colorati
484 851 616 901 qualia
636 851 754 888 Seres
776 851 946 897 habent,

136 912 199 949 vel
221 912 326 962 pede
348 912 454 962 quod
476 912 613 962 gracili
635 912 803 949 deducit
822 926 967 949 aranea
987 912 1110 958 filum,

189 986 279 1010 cum
303 973 390 1009 leve
411 972 573 1009 deserta
593 973 666 1009 sub
687 973 802 1009 trabe
824 975 955 1010 nectit
974 986 1084 1023 opus.

134 1047 210 1071 nec
229 1039 368 1070 tamen
388 1038 476 1070 ater
495 1038 582 1070 erat
603 1046 678 1070 nec
699 1039 786 1070 erat
805 1038 943 1070 tamen
964 1047 1107 1070 aureus
1128 1033 1209 1079 ille,

189 1094 274 1140 sed,
295 1096 474 1144 quamvis
498 1099 657 1139 neuter,
679 1096 828 1130 mixtus
850 1099 1023 1144 uterque
1044 1094 1206 1131 color—
1298 1094 1344 1131 10

135 1155 296 1205 qualem
317 1155 487 1191 clivosae
509 1154 679 1191 madidis
699 1157 741 1190 in
762 1154 930 1191 vallibus
952 1153 1049 1191 Idae

189 1215 311 1251 ardua
334 1215 506 1264 derepto
526 1217 675 1251 cortice
698 1214 841 1252 cedrus
862 1214 997 1251 habet.

136 1275 270 1321 Adde,
291 1275 398 1325 quod
420 1281 462 1312 et
482 1274 633 1312 dociles
656 1280 698 1312 et
718 1280 885 1312 centum
905 1275 1076 1312 flexibus
1095 1279 1179 1326 apti

191 1340 234 1372 et
252 1335 327 1372 tibi
348 1335 497 1372 nullius
518 1348 635 1372 causa
655 1335 803 1372 doloris
825 1341 951 1372 erant.

136 1409 216 1432 non
237 1409 332 1432 acus
351 1396 526 1445 abrupit,
547 1409 629 1432 non
650 1395 798 1432 vallum
820 1398 992 1445 pectinis
1013 1396 1113 1433 illos.
1297 1397 1344 1433 15

189 1459 367 1493 ornatrix
386 1461 477 1493 tuto
497 1469 662 1506 corpore
683 1469 844 1505 semper
863 1462 950 1493 erat
966 1469 974 1499 ;

134 1521 229 1553 ante
251 1530 361 1553 meos
382 1530 502 1566 saepe
524 1521 586 1553 est
606 1516 741 1553 oculos
762 1522 903 1553 ornata
922 1529 998 1553 nec
1019 1530 1209 1567 umquam

189 1576 373 1613 bracchia
394 1576 563 1626 derepta
583 1579 715 1613 saucia
735 1576 833 1613 fecit
851 1590 936 1613 acu.

134 1650 254 1686 saepe
277 1639 399 1673 etiam
420 1636 602 1673 nondum
624 1636 793 1686 digestis
813 1649 931 1673 mane
953 1636 1108 1686 capillis

190 1710 390 1747 purpureo
411 1699 533 1734 iacuit
555 1699 798 1747 semisupina
817 1703 917 1734 toro.
1295 1698 1344 1735 20

135 1762 224 1794 tum
244 1769 403 1806 quoque
426 1762 512 1794 erat
532 1756 716 1794 neclecta
736 1757 899 1802 decens,
916 1762 962 1794 ut
981 1757 1152 1794 Threcia
1175 1758 1346 1804 Bacche,

191 1830 282 1853 eum
302 1822 457 1853 temere
478 1820 519 1853 in
541 1816 655 1853 viridi
676 1820 857 1866 gramine
878 1816 980 1853 lassa
1000 1819 1116 1854 iacet.

137 1877 238 1913 Cum
259 1876 427 1927 graciles
448 1882 584 1914 essent
602 1882 741 1914 tamen
762 1883 805 1914 et
823 1877 1024 1926 lanuginis
1044 1880 1184 1924 instar,

192 1936 287 1983 heu,
306 1937 411 1974 male
425 1938 437 1960 1
460 1943 627 1974 vexatae
648 1943 798 1987 quanta
818 1937 950 1974 tulere
971 1950 1109 1974 comae
1127 1938 1134 1974 !

510 2013 518 2032 ¹
546 2013 634 2044 male
655 2013 710 2046 Ps
727 2027 733 2045 :
759 2014 850 2045 mala
870 2014 955 2053 vzcly.

140 2071 215 2108 372
