1409 2282
711 113 850 151 OVID

178 230 243 254 me
265 217 341 254 fide
363 220 598 267 conspicuus
619 217 760 255 Troiae
780 221 958 255 munitor
977 222 1138 265 amavit,

232 272 474 322 admisitque
494 285 603 309 meas
623 272 674 309 ad
695 285 764 309 sua
784 272 890 309 dona
909 273 1080 310 manus.1
1306 274 1378 311 146

177 339 452 376 quaecumque
491 325 616 363 herba
653 331 797 376 potens
844 326 895 364 ad
942 340 1059 377 opem
1106 328 1298 378 radixque

284 380 487 417 medendo
503 380 518 404 2
740 394 748 399 ·’

231 435 339 471 utilis
360 437 402 471 in
422 440 511 472 toto
531 437 708 471 nascitur
728 436 836 481 orbe,
856 449 945 473 mea
965 441 1036 473 est.

177 503 241 525 me
262 492 460 535 miseram,
481 489 587 539 quod
608 502 718 525 amor
738 503 818 526 non
840 495 902 527 est
921 490 1168 527 medicabilis
1190 490 1324 527 herbis
1343 492 1350 527 ἔ

229 543 392 580 deficior
411 543 588 593 prudens
608 546 703 580 artis
723 544 773 580 ab
793 549 878 581 arte
898 557 998 581 mea.
1304 546 1378 582 150

176 597 295 644 Quod
315 611 390 634 nec
410 598 655 647 graminibus
676 598 796 635 tellus
817 598 989 635 fecunda
1010 599 1190 635 creandis
1305 600 1378 636 153

229 665 304 689 nec
325 652 437 697 deus,
458 652 650 689 auxilium
670 657 715 689 tu
735 652 834 689 mihi
854 652 959 690 ferre
981 658 1106 702 potes.

175 711 217 743 et
238 712 366 756 potes,
389 712 430 743 et
450 706 783 756 merui—dignae
804 709 993 744 miserere
1014 707 1172 756 puellae
1190 708 1196 743 !
1304 708 1377 744 155

227 774 309 798 non
330 773 406 810 ego
427 774 518 797 cum
539 760 688 797 Danais
708 774 817 797 arma
837 766 1004 798 cruenta
1023 761 1165 798 fero—

173 815 245 852 sed
265 821 335 852 tua
356 828 443 852 sum
464 820 681 865 tecumque
703 815 760 852 fui
781 815 1000 865 puerilibus
1020 819 1135 852 annis

226 875 268 907 et
289 875 370 916 tua,
391 869 497 920 quod
519 874 702 919 superest
721 872 927 919 temporis,
949 882 1034 906 esse
1056 870 1212 919 precor!

746 1035 800 1071 VI

570 1116 801 1152 HYPSIPYLE
840 1114 972 1151 IAsoNi

170 1198 324 1234 LironA
345 1196 573 1234 Thessaliae
594 1195 730 1232 reduci
749 1197 932 1245 tetigisse
953 1198 1084 1231 carina

224 1252 367 1289 diceris
387 1255 548 1288 auratae
568 1249 716 1286 vellere
737 1249 848 1286 dives
869 1252 961 1285 ovis.

169 1306 347 1356 gratulor
366 1305 568 1350 incolumi,
589 1309 784 1354 quantum
805 1306 899 1340 sinis
918 1316 926 1347 ;
955 1303 1030 1340 hoc
1050 1308 1187 1340 tamen
1213 1306 1343 1353 ipsum
1361 1304 1375 1328 3

224 1361 443 1398 debueram
463 1362 610 1408 scripto
631 1359 802 1395 certi0r4
824 1371 909 1394 esse
930 1364 1011 1394 tuo.

170 1429 263 1451 nam
283 1428 335 1451 ne
355 1419 473 1464 pacta
494 1414 566 1450 tibi
587 1417 746 1462 praeter
765 1425 854 1449 mea
874 1425 997 1461 regna
1017 1412 1181 1458 redires,
1352 1414 1374 1449 5

225 1483 316 1506 cum
337 1481 516 1517 cuperes,
536 1472 678 1504 ventos
699 1480 779 1503 non
800 1466 985 1503 habuisse
1007 1472 1121 1515 potes
1138 1480 1146 1510 ;

171 1523 393 1574 quamlibet
413 1522 578 1559 adverso
599 1524 781 1570 signetur
801 1520 971 1570 epistula
992 1526 1123 1557 vento.

228 1577 454 1627 Hypsipyle
475 1578 593 1612 missa
613 1575 735 1624 digna
755 1574 883 1611 salute
904 1574 972 1611 fui.

216 1650 226 1669 ¹
251 1663 298 1682 vv.
322 1651 481 1688 laio-145,
504 1651 575 1688 151,
597 1650 658 1680 152
675 1648 879 1680 condemned
896 1648 1017 1680 *ΗΘΜ-ε

302 1711 360 1743 ille
378 1721 472 1742 meae
490 1710 638 1752 spolium
656 1709 874 1751 virginitatis
891 1708 1009 1746 habet,
1313 1709 1374 1740 140

260 1755 295 1786 id
312 1765 449 1797 quoque
466 1754 633 1785 luctando
648 1766 655 1790 ;
680 1753 759 1794 rupi
777 1756 894 1784 tamen
911 1763 1026 1794 ungue
1043 1752 1198 1794 capillos,

302 1809 430 1840 oraque
448 1802 530 1829 sunt
547 1797 670 1839 digitis
686 1807 808 1838 aspera
826 1796 921 1827 facta
937 1797 1022 1827 meis
1038 1807 1045 1833 ;

259 1853 322 1874 nes:
338 1842 492 1883 pretium
509 1842 623 1883 stupri
641 1851 793 1882 gemmas
809 1849 1002 1880 aurumque
1018 1840 1159 1880 poposci
1176 1852 1182 1871 :

303 1886 458 1927 turpiter
474 1885 662 1926 ingenuum
680 1894 825 1915 munera
841 1894 965 1924 eorpus
982 1887 1104 1914 emunt
1119 1895 1126 1919 ;

259 1930 344 1972 ipse,
364 1933 462 1960 ratus
479 1928 632 1969 dignam,
652 1927 804 1959 medicas
821 1927 906 1958 mihi
922 1925 1071 1957 tradidit
1090 1930 1184 1957 artes
1312 1927 1372 1958 145

259 1985 332 2026 ipse
349 1986 507 2025 repertor
523 1983 599 2024 opis
616 1993 738 2014 vaccas
754 1983 891 2024 pavisse
915 1981 1088 2012 Pheraeas
1311 1982 1367 2012 151

303 2028 415 2059 fertur
432 2030 468 2059 et
485 2037 504 2058 a
522 2030 641 2058 nostro
658 2026 796 2057 saueius
814 2026 893 2068 igne
910 2025 988 2056 fuit.

172 2092 221 2128 68
