1409 2282
682 104 820 141 OVID

149 213 245 244 tene
266 207 403 244 ferunt
423 211 603 265 geminos
625 211 812 257 pressisse
833 212 1032 246 tenaciter
1051 222 1214 259 angueS,

203 292 293 316 cum
314 285 431 316 tener
450 282 491 315 in
511 282 623 316 cunis
642 283 721 316 iam
742 280 835 317 Iove
856 280 1002 329 dignus
1022 282 1135 317 eras?

149 353 315 399 coepisti
335 351 477 387 melius
498 358 616 401 quam
636 351 785 387 desinis
803 365 811 395 3
841 351 981 388 ultima
1000 354 1136 400 primis

203 421 378 465 cedunt3
408 421 619 458 dissimiles
640 421 704 457 hic
725 425 783 458 vir
803 427 844 458 et
863 422 931 458 ille
952 435 1061 471 puer.

148 506 268 542 quem
306 506 387 529 non
439 492 548 529 mille
587 492 710 538 ferae,
748 506 867 543 quem
914 506 995 529 non
1040 492 1297 530 Stheneleius

255 563 393 609 hostis,
1302 563 1350 599 25

202 648 282 670 non
303 637 436 684 potuit
458 633 558 670 Iuno
578 636 751 679 vincere,
772 636 896 670 vincit
915 648 1034 670 amor.

147 706 205 742 At
225 707 329 743 bene
350 711 477 755 nupta
496 705 613 751 feror,
635 709 726 755 quia
746 708 929 742 nominer
951 706 1138 743 Herculis
1160 720 1269 752 uxor,

202 779 333 826 sitque
354 789 477 821 socer,
498 776 644 825 rapidis
665 779 733 825 qui
753 781 868 812 tonat
887 776 991 813 altus
1011 779 1133 826 equis.

148 860 267 896 quam
288 846 392 883 male
414 846 643 896 inaequales
664 849 833 883 veniunt
853 846 903 883 ad
923 851 1052 883 aratra
1072 850 1243 893 iuvenci,

200 923 283 954 tam
304 920 500 967 premitur
518 931 665 967 magno
685 920 855 967 coniuge
876 923 1002 967 nupta
1022 921 1160 955 minor.
1301 919 1351 956 30

146 1002 227 1025 non
248 989 375 1026 honor
395 994 456 1026 est
477 989 547 1025 sed
569 1002 667 1026 onus
689 992 841 1038 speeies
861 989 1014 1025 laesura
1034 989 1202 1026 ferentis
1221 1003 1229 1033 ;

201 1063 311 1110 siqua
332 1060 440 1097 voles
459 1065 554 1109 apte
574 1061 739 1105 nubere,
761 1061 867 1096 nube
889 1064 983 1109 pari.

146 1135 204 1167 vir
223 1131 322 1167 mihi
343 1143 502 1180 semper
521 1131 647 1175 abest,
670 1135 711 1166 et
732 1133 901 1179 coniuge
923 1133 1054 1167 notior
1074 1130 1232 1180 hospes,

200 1208 457 1252 monstraque
478 1201 678 1238 terribiles
698 1205 1031 1252 persequiturque
1053 1202 1167 1239 feras.

149 1277 234 1323 ipsa
254 1273 373 1310 domo
392 1273 511 1309 vidua
532 1275 633 1309 votis
653 1278 815 1322 operata
837 1273 990 1322 pudicis
1300 1274 1348 1311 35

200 1344 400 1389 torqueor,
422 1338 569 1375 infesto
590 1351 641 1375 ne
662 1341 720 1374 vir
739 1339 789 1375 ab
809 1338 924 1375 hoste
946 1338 1063 1375 eadat
1082 1352 1089 1381 ;

146 1408 253 1441 inter
273 1409 482 1453 serpentes
501 1416 696 1453 aprosque
717 1403 931 1453 avidosque
952 1404 1090 1440 leones

200 1473 324 1506 iactor
344 1475 386 1506 et
406 1469 594 1505 haesuros
614 1474 729 1505 terna
749 1482 821 1518 per
841 1483 907 1505 ora
928 1482 1058 1507 canes.

146 1548 210 1572 me
232 1535 433 1584 pecudum
454 1534 574 1571 fibrae
595 1535 885 1585 simulacraque
907 1537 1040 1571 inania
1060 1538 1187 1571 somni

200 1603 412 1650 omniaque
432 1613 575 1635 arcana
595 1605 713 1636 nocte
735 1603 864 1649 petita
883 1605 1057 1637 movent.
1298 1600 1348 1636 40

145 1679 320 1715 aucupor
339 1665 479 1702 infelix
500 1668 677 1702 incertae
698 1679 900 1702 murmura
919 1665 1061 1711 famae,

201 1744 351 1781 speque
373 1734 493 1768 timor
513 1731 633 1767 dubia
656 1744 826 1781 spesque
847 1734 990 1768 timore
1012 1731 1129 1768 cadit.

145 1802 274 1834 mater
293 1798 407 1833 abest
427 1799 687 1846 queriturque
708 1797 784 1833 deo
804 1797 999 1846 placuisse
1020 1799 1190 1846 potenti,

200 1876 275 1899 nec
296 1867 410 1911 pater
431 1861 701 1912 Amphitryon
721 1875 795 1899 nec
816 1875 915 1911 puer
936 1862 1084 1912 Hyllus
1104 1862 1242 1907 adest;

147 1929 297 1965 arbiter
317 1927 568 1977 Eurystheus
588 1930 668 1964 irae
691 1927 854 1964 Iunonis
876 1930 1034 1977 iniquae
1299 1929 1348 1964 45

202 1996 374 2030 sentitur
395 1993 507 2029 nobis
528 1995 663 2042 iraque
684 1992 804 2042 longa
823 1993 933 2030 deae.

155 2079 227 2103 110
