1409 2282
637 75 778 113 OVID

110 180 183 216 Dic
204 179 314 225 mjhi,
336 180 431 231 quid
454 180 543 226 feci,
565 183 639 217 nisi
661 194 741 217 non
762 183 965 230 sapienter
990 183 1147 218 amavi?

160 261 325 295 erimine
347 263 388 296 te
410 261 523 308 potui
544 259 789 296 demeruisse
810 273 910 296 meo.

105 352 230 375 unum
251 341 292 375 in
312 352 377 376 me
397 338 526 376 scelus
548 344 621 385 est,
643 339 750 389 quod
770 344 825 385 te,
846 339 1054 386 scelerate,
1076 344 1209 390 recepi
1226 354 1234 385 ;

160 416 231 453 sed
251 415 379 453 scelus
399 416 474 453 hoc
494 419 627 453 meriti
648 417 804 466 pondus
826 423 868 454 et
887 420 1012 454 instar
1031 417 1164 455 habet.
1257 418 1307 455 30

105 496 201 539 iura,
223 493 321 530 fides
341 494 410 530 ubi
430 507 550 539 nunc,
572 497 860 544 commissaque
888 494 1055 531 dextera
1074 494 1254 542 dextrae,

158 574 306 622 quique
327 577 413 609 erat
432 575 473 608 in
493 572 593 608 falso
613 572 804 621 plurimus
826 586 892 609 ore
909 572 1038 610 deus?

104 652 317 698 promissus
338 652 463 686 socios
484 650 551 687 ubi
572 663 679 686 nunc
704 650 965 700 Hymenaeus
985 652 1027 686 in
1047 664 1184 696 annos,

159 728 226 776 qui
246 725 345 762 mihi
366 729 539 775 coniugii
560 739 725 775 sponsor
746 731 788 763 et
808 727 923 763 obses
944 726 1059 763 erat?

104 816 175 852 per
194 816 316 849 mare,
337 802 443 853 quod
464 808 596 839 totum
618 805 748 839 ventis
769 805 945 852 agitatur
966 808 1007 839 et
1027 802 1157 849 undis,
1251 803 1300 839 35

159 893 230 930 per
250 880 357 930 quod
377 893 496 929 saepe
518 883 630 925 ieras,
651 893 724 929 per
743 879 850 930 quod
870 882 997 916 iturus
1018 892 1115 925 eras,

104 970 255 1008 perque
276 962 391 994 tuum
411 956 509 993 mihi
530 959 799 993 iurasti—nisi
820 955 935 993 fictus
957 961 998 993 et
1019 956 1086 993 ille
1108 962 1226 993 est——

157 1037 314 1070 concita
334 1037 401 1084 qui
422 1036 552 1071 ventis
572 1047 744 1084 aequora
763 1033 927 1080 mulcet,
947 1047 1078 1079 avum,

104 1125 175 1161 per
196 1111 396 1148 Venerem
416 1113 664 1161 nimiumque
686 1111 784 1147 mihi
804 1111 994 1148 facientia
1014 1111 1153 1148 tela—

156 1188 281 1225 altera
301 1188 383 1225 tela
401 1201 527 1234 arcus,
546 1188 672 1225 altera
690 1188 773 1225 tela
792 1187 954 1225 faces—
1252 1189 1303 1226 40

103 1265 395 1315 Iunonemque,
416 1268 511 1302 toris
532 1279 633 1315 quae
655 1265 858 1315 praesidet
878 1265 981 1301 alma
1000 1267 1165 1311 maritis,

136 1348 199 1397 ‘et
219 1356 290 1392 per
310 1342 529 1379 taediferae
550 1345 718 1393 mystica
737 1355 845 1379 sacra
865 1342 975 1379 deae.

103 1423 135 1456 si
156 1419 207 1456 de
228 1424 290 1456 tot
310 1419 425 1456 laesis
446 1433 515 1456 sua
535 1422 699 1456 numina
720 1422 887 1469 quisque
908 1419 1074 1456 deorum

156 1495 346 1541 vindicet,
367 1499 408 1532 in
429 1509 577 1545 poenas
597 1509 678 1532 non
699 1499 793 1532 satis
822 1509 924 1532 unus
945 1498 1031 1532 eris.

102 1573 159 1612 At
178 1573 326 1610 laceras
348 1575 469 1610 etiam
490 1586 644 1623 puppes
665 1573 811 1610 furiosa
831 1573 1009 1610 refeci—
1253 1575 1302 1611 45

155 1656 213 1697 ut,
235 1664 311 1701 qua
331 1650 549 1696 desererer,
570 1651 680 1687 firma
700 1654 832 1687 carina
852 1650 956 1687 foret
971 1651 1035 1687 i—

102 1731 393 1778 remigiumque
414 1728 521 1774 dedi,
543 1728 649 1778 quod
669 1742 733 1765 me
754 1728 954 1778 fugiturus
975 1728 1153 1766 haberes.

155 1805 235 1842 heu
251 1806 259 1842 ἔ
289 1807 418 1854 patior
437 1805 529 1842 telis
545 1805 707 1842 vulnera
729 1805 835 1842 facta
853 1808 952 1842 meis
968 1806 975 1841 !

101 1882 342 1919 credidimus
365 1881 531 1927 blandis,
553 1895 720 1932 quorum
740 1883 814 1919 tibi
835 1885 959 1932 copia,
981 1883 1110 1919 verbis
1129 1895 1137 1926 3

156 1960 396 1997 credidimus
415 1962 554 2009 generi
574 1960 882 2009 nominibusque
902 1962 981 1995 tuis
997 1971 1005 2003 ;
1250 1959 1300 1996 50

106 2045 151 2069 22
