1445 2297
687 94 826 134 OVID

718 286 799 322 XII

157 410 287 447 FLETE
307 423 416 446 meos
437 411 740 446 casus—tristes
760 407 916 444 rediere
935 406 1109 444 tabellae

210 470 350 507 infelix
371 469 490 506 hodie
511 469 647 505 littera
667 481 781 518 posse
802 472 936 517 negat.

157 534 289 567 omina
309 536 403 567 sunt
422 529 572 580 aliquid
589 542 597 573 ;
626 528 745 566 modo
766 541 857 564 cum
877 526 1084 564 discedere
1104 526 1240 571 vellet,

211 591 262 628 ad
281 591 405 627 limen
425 590 572 639 digitos
593 591 743 625 restitit
761 591 841 625 icta
861 588 987 637 Nape.

158 654 276 688 missa
296 650 399 687 foras
420 653 567 686 iterum
587 649 712 686 limen
732 651 900 685 transire
920 652 1128 684 memento

213 714 367 747 cautius
387 715 509 760 atque
529 709 610 746 alte
632 709 759 746 sobria
780 707 885 745 ferre
904 707 1052 758 pedem
1071 708 1078 743 1

160 771 222 808 lte
239 771 346 817 hinc,
366 769 557 815 difficiles,
579 768 763 806 funebria
781 768 903 818 ligna,
922 767 1109 813 tabellae,

212 837 351 881 tuque,
373 832 578 880 negaturis
599 842 690 866 cera
708 828 858 866 referta
877 831 982 865 notis
1001 828 1082 867 !—-‚

160 905 291 942 quam,
313 896 424 941 puto,
445 890 495 927 de
516 890 659 939 longae
681 889 891 926 collectam
910 888 1005 925 flore
1026 890 1180 925 cicutae

213 951 334 988 melle
356 952 429 987 sub
448 949 588 986 infami
608 949 765 986 Corsica
784 951 893 985 misit
913 951 1007 998 apis.

160 1018 202 1049 at
222 1018 427 1062 tamquam
446 1013 570 1047 minio
590 1012 752 1060 penitus
771 1008 970 1046 medicata
990 1009 1216 1045 rubebas—

214 1072 282 1109 ille
304 1072 410 1109 color
429 1084 523 1108 vere
544 1069 876 1120 sanguinolentus
897 1074 993 1106 erat.

161 1135 363 1183 proiectae
382 1134 509 1168 triviis
529 1133 703 1176 iaceatis,
724 1129 867 1166 inutile
887 1129 1055 1179 lignum,

216 1205 364 1243 vosque
384 1197 495 1228 rotae
515 1190 675 1240 frangat
695 1192 993 1240 praetereuntis
1013 1202 1112 1226 onus
1128 1189 1135 1225 !

162 1252 276 1290 illum
296 1255 431 1298 etiam,
452 1254 520 1302 qui
540 1264 608 1288 vos
628 1264 677 1288 ex
697 1251 837 1287 arbore
858 1252 980 1287 vertit
1000 1252 1042 1286 in
1061 1262 1189 1294 usum,

218 1315 450 1349 convincam
470 1324 588 1362 puras
609 1324 690 1347 non
710 1310 895 1347 habuisse
915 1322 1066 1346 manus.

164 1374 349 1423 praebuit
369 1372 436 1408 illa
455 1373 572 1408 arbor
590 1374 735 1408 misero
756 1369 970 1420 suspendia
990 1369 1104 1415 collo,

219 1432 391 1469 carnifici
412 1432 515 1469 diras
536 1432 721 1482 praebuit
741 1431 808 1467 illa
828 1443 987 1474 cruces3

164 1493 231 1529 illa
251 1493 366 1530 dedit
385 1498 523 1542 turpes
543 1494 644 1528 ravis
661 1491 673 1514 1
695 1491 919 1527 bubonibus
939 1490 1110 1535 umbras,

219 1553 386 1590 vulturis
407 1556 449 1589 in
468 1555 585 1588 ramis
606 1557 648 1588 et
668 1554 801 1600 strigis
822 1564 893 1587 ova
913 1550 1018 1587 tulit.

166 1613 226 1650 his
247 1627 322 1662 ego
343 1614 521 1649 commisi
540 1616 696 1648 nostros
716 1613 877 1647 insanus
896 1622 1049 1646 amores

219 1673 433 1723 molliaque
454 1671 504 1708 ad
523 1672 726 1708 dominam
746 1671 866 1707 verba
885 1669 1053 1706 ferenda
1072 1668 1193 1706 dedi?

165 1736 297 1783 aptius
317 1733 393 1769 hae
414 1735 573 1782 capiant
593 1730 817 1767 vadimonia
837 1729 994 1779 garrula
1014 1742 1141 1774 cerae,

221 1806 317 1843 quas
337 1793 478 1842 aliquis
498 1792 597 1828 duro
618 1793 800 1839 cognitor
820 1802 887 1826 ore
906 1789 1017 1839 legat
1035 1802 1044 1833 ;

167 1856 274 1890 inter
294 1851 572 1901 ephemeridas
591 1850 734 1887 melius
753 1849 989 1898 tabulasque
1010 1851 1200 1894 iacerent,

222 1916 263 1948 in
283 1913 426 1962 quibus
447 1912 677 1959 absumptas
697 1909 811 1946 fleret
831 1921 968 1944 avarus
989 1920 1095 1957 opes.

234 1999 244 2018 ¹
269 2001 362 2031 ravis
378 1999 425 2031 N.
447 1998 566 2030 Heim
592 1998 678 2029 rasis
697 1998 745 2029 P:
771 1998 859 2028 raris
875 1997 1030 2028 Arund.:
1056 1996 1169 2027 raucis
1187 2005 1300 2035 many.

170 2064 248 2111 366

1316 946 1364 983 10

1317 1247 1364 1284 15

1317 1548 1367 1585 20
