1409 2282
675 87 814 125 OVID

148 191 221 228 Est
241 190 373 242 aliqua
393 194 550 241 ingrato
571 196 760 229 meritum
781 194 1020 242 exprobrare
1042 193 1234 243 voluptas.

197 254 271 291 hac
293 255 400 291 fruar
418 269 426 299 3
456 255 555 292 haec
576 256 627 292 de
648 261 690 292 te
711 256 857 305 gaudia
877 256 959 293 sola
978 256 1115 293 feram.

142 320 269 355 iussus
290 321 542 367 inexpertam
564 318 731 355 Colchos
752 319 962 356 advertere
984 322 1150 369 puppim

196 383 354 417 intrasti
375 384 527 430 patriae
549 394 674 430 regna
694 382 812 418 beata
831 395 955 419 meae.

142 442 216 479 hoc
238 443 318 479 illic
341 443 489 480 Medea
508 443 578 489 fui,
600 458 702 480 nova
722 450 849 493 nupta
869 445 975 494 quod
996 444 1060 481 hic
1082 450 1143 481 est
1161 458 1169 489 ;
1295 446 1343 481 25

197 518 317 555 quam
339 511 455 555 pater
475 511 537 543 est
558 506 628 552 illi,
648 512 731 543 tam
752 507 849 543 mihi
870 507 980 543 dives
1003 513 1098 543 erat.

143 567 208 604 hic
229 568 422 618 Ephyren
443 569 648 614 bimarem,
671 569 835 619 Scythia
855 575 973 606 tenus
994 569 1061 606 ille
1083 573 1219 607 nivosa

196 644 314 667 omne
336 636 464 677 tenet,
489 631 606 668 Ponti
627 645 704 682 qua
726 632 841 681 plaga
862 632 973 668 laeva
993 635 1107 669 iacet.

140 693 300 742 Accipit
320 693 494 743 hospitio
514 697 678 731 iuvenes
700 694 830 730 Aeeta
852 694 1050 744 Pelasgos,

197 765 238 796 et
259 762 440 809 premitis
462 762 602 809 pictos,
624 773 788 809 corpora
809 760 940 805 Graia,
962 765 1079 796 toros.
1293 760 1342 797 30

140 827 237 859 tunc
259 836 334 872 ego
355 828 396 859 te
418 823 510 868 vidi,
532 828 629 859 tunc
650 825 764 872 coepi
785 825 898 868 scire,
919 826 1005 873 quis
1028 835 1133 860 esses
1154 836 1162 867 ;

193 885 262 921 illa
281 885 360 922 fuit
379 889 527 922 mentis
549 889 675 935 prima
695 888 808 922 ruina
828 899 952 922 meae.

139 953 181 985 et
202 949 282 985 vidi
303 954 345 985 et
365 951 464 998 perii
481 961 489 992 3
519 961 593 984 nec
614 951 719 985 notis
740 949 898 998 ignibus
918 951 1007 993 arsi,

193 1011 308 1048 ardet
329 1017 373 1048 ut
394 1012 444 1048 ad
464 1024 630 1060 magnos
651 1014 770 1060 pinea
790 1011 909 1048 taeda
930 1011 1036 1048 deos.

139 1078 181 1110 et
201 1073 396 1110 formosus
418 1087 515 1119 eras,
538 1079 579 1110 et
599 1087 664 1110 me
684 1087 773 1110 mea
793 1073 875 1110 fata
895 1073 1110 1110 trahebant
1133 1087 1142 1118 ;
1290 1074 1338 1110 35

191 1137 441 1173 abstulerant
462 1136 566 1173 oculi
587 1136 739 1173 lumina
759 1142 893 1173 nostra
914 1139 984 1173 tui.

137 1199 304 1248 perfide,
325 1202 628 1249 sensisti—quis
649 1202 757 1236 enim
778 1200 881 1236 bene
903 1199 1007 1236 celat
1027 1199 1231 1236 amorem?

192 1265 344 1299 eminet
364 1262 512 1299 indicio
533 1263 692 1313 prodita
710 1262 867 1298 flamma
887 1276 967 1299 suo.

138 1325 298 1362 Dicitur
317 1328 475 1362 interea
495 1327 570 1362 tibi
592 1325 656 1362 lex
677 1330 722 1362 ut
743 1325 842 1362 dura
862 1325 1037 1362 ferorum

190 1389 351 1425 insolito
371 1402 574 1438 premeres
595 1401 754 1425 vomere
777 1388 877 1424 colla
896 1389 1027 1425 boum.
1286 1386 1336 1424 40

139 1452 279 1488 Martis
301 1457 415 1488 erant
436 1454 539 1488 tauri
560 1451 648 1501 plus
669 1464 789 1501 quam
810 1464 882 1499 per
901 1463 1049 1487 cornua
1070 1453 1188 1495 saevi,

190 1527 357 1563 quorum
377 1514 566 1550 terribilis
587 1517 748 1563 spiritus
768 1516 871 1562 ignis
893 1518 1002 1557 erat;

136 1590 226 1613 aere
248 1576 371 1625 pedes
393 1576 507 1612 solidi
528 1581 819 1625 praetentaque
841 1576 1001 1612 naribus
1016 1588 1119 1620 aera,

190 1642 303 1688 nigra
324 1652 395 1688 per
415 1639 581 1676 adflatus
602 1639 700 1675 haec
721 1652 879 1688 quoque
901 1638 1005 1675 facta
1026 1651 1125 1675 suos.

135 1705 287 1738 semina
308 1707 516 1750 praeterea
536 1701 702 1751 populos
722 1704 909 1750 genitura
928 1702 1074 1737 iuberis
1285 1702 1334 1737 45

189 1777 376 1813 spargere
397 1764 541 1801 devota
562 1764 643 1801 lata
663 1777 735 1813 per
754 1777 845 1800 arva
865 1777 998 1808 11131111,

134 1830 201 1877 qui
221 1832 411 1876 peterent
432 1830 535 1864 natis
557 1840 693 1863 secum
713 1832 783 1863 tua
803 1839 967 1875 corpora
986 1826 1078 1863 telis
1094 1838 1103 1870 ;

187 1889 254 1925 illa
275 1895 337 1926 est
356 1889 552 1938 agricolae
573 1893 711 1926 messis
731 1892 866 1939 iniqua
885 1902 966 1926 suo.

616 2002 630 2014 ‘¹
653 1976 837 2026 001111111.ψ

138 2071 211 2104 144
