1409 2282
656 142 796 180 OVID

123 259 202 296 quo
221 250 348 296 magis
368 247 554 293 admiror,
576 261 677 298 quae
700 251 751 285 sit
772 248 915 285 fiducia
936 251 1084 298 coepti,

177 320 370 357 spemque
391 311 467 344 tori
487 308 647 345 dederit
667 322 768 358 quae
789 310 863 345 tibi
884 322 1000 345 causa
1020 311 1110 346 mei.
1280 309 1330 346 20

123 380 186 411 an,
208 370 299 417 quia
320 370 399 403 vim
420 369 534 404 nobis
555 368 787 417 Neptunius
808 368 947 405 attulit
967 368 1097 415 heros,

177 432 291 476 rapta
311 427 435 464 semel
457 428 595 464 videor
614 429 673 465 bis
694 441 852 478 quoque
874 428 997 477 digna
1017 431 1103 477 rapi
1123 430 1137 465 ?

124 490 275 523 crimen
297 493 383 524 erat
404 493 599 534 nostrum,
620 491 651 525 si
672 488 842 525 delinita
862 488 1027 525 fuissem
1051 501 1059 533 ;

178 560 268 583 cuin
290 550 361 583 sim
384 553 509 596 rapta,
532 561 667 585 meum
689 548 785 598 quid
807 551 881 585 nisi
902 547 1010 584 nolle
1032 548 1137 585 fuit?

124 620 205 643 non
225 612 363 643 tamen
385 620 406 644 e
428 607 535 644 facto
556 607 731 645 fructum
752 608 847 645 tulit
867 608 934 644 ille
955 611 1130 657 petitum
1148 621 1156 653 ;
1280 608 1329 644 25

178 672 350 716 excepto
371 667 471 704 redii
492 681 604 716 passa
626 670 768 704 timore
790 667 901 704 nihil.

125 727 257 763 oscula
279 727 450 764 luctanti
470 727 753 764 tantummodo
775 741 899 777 pauca
921 733 1131 777 protervus

178 787 369 831 abstulit3
399 787 567 824 ulterius
588 788 644 824 nil
666 787 789 824 habet
810 788 877 824 ille
898 791 988 824 mei.

123 861 225 897 quae
247 853 316 884 tua
337 851 516 897 nequitia
538 854 612 893 est,
634 862 714 884 11011
735 847 796 885 his
817 853 1009 884 contenta
1031 848 1228 885 fuisset-—

177 907 217 944 di
238 908 381 944 melius
400 909 407 944 ἔ
439 908 576 944 similis
597 922 678 944 non
699 908 777 945 fuit
797 908 864 945 ille
886 911 956 945 tui.
1276 908 1326 945 30

123 967 301 1004 reddidit
321 971 527 1011 intactam,
549 971 774 1018 minuitque
795 968 993 1005 modestia
1014 971 1181 1014 crimen,

178 1033 220 1064 et
240 1031 428 1064 iuvenem
449 1027 545 1064 facti
566 1031 810 1077 paenituisse
832 1033 946 1077 patet
969 1041 977 1072 3

123 1087 279 1124 Thesea
300 1091 513 1137 paenituit,
538 1088 643 1125 Paris
665 1094 709 1125 ut
730 1088 969 1125 succederet
989 1088 1060 1134 illi,

177 1162 228 1184 ne
250 1148 410 1198 quando
431 1162 579 1185 nomen
605 1162 686 1185 non
708 1152 759 1185 sit
779 1152 821 1185 in
842 1162 908 1185 ore
929 1162 1064 1185 meum
1081 1149 1095 1185 ?

128 1221 203 1244 nec
224 1213 361 1244 tamen
382 1210 670 1258 irascor—quis
684 1211 791 1244 enini
813 1213 1023 1245 succenset
1043 1211 1193 1245 amanti
1207 1209 1329 1246 ?-35

181 1271 212 1304 si
232 1268 364 1313 modo,
389 1281 509 1317 quem
530 1267 720 1317 praefers,
742 1282 823 1304 non
844 1268 1053 1305 simulatur
1072 1281 1192 1305 amor.

126 1327 201 1364 hoc
222 1341 380 1378 quoque
403 1331 510 1365 enim
531 1328 810 1365 dubito—non
831 1328 937 1378 quod
959 1328 1101 1364 fiducia
1121 1328 1239 1374 desit,

180 1393 250 1425 aut
270 1402 358 1425 mea
380 1391 431 1425 sit
451 1388 572 1425 facies
593 1402 673 1424 non
695 1389 799 1425 bene
820 1393 916 1425 nota
936 1388 1034 1424 mihi
1051 1401 1059 1432 ;

127 1448 197 1485 sed
218 1451 310 1498 quia
330 1448 546 1485 credulitas
566 1448 713 1484 damno
733 1448 836 1485 solet
857 1461 942 1485 esse
966 1447 1122 1497 puellis,

180 1503 381 1552 verbaque
403 1503 594 1539 dicuntur
614 1508 745 1539 vestra
766 1515 900 1539 carere
922 1502 1010 1538 fide.
1278 1502 1329 1538 40

126 1557 183 1593 At
203 1562 374 1605 peccant
393 1557 506 1602 aliae,
528 1562 788 1606 matronaque
810 1570 895 1593 rara
916 1556 1061 1605 pudica
1081 1561 1152 1593 est.

182 1614 269 1660 quis
290 1611 477 1659 prohibet
497 1614 593 1647 raris
614 1624 762 1647 nomen
783 1614 912 1647 inesse
934 1612 1098 1646 meum?

127 1678 220 1700 nam
240 1678 330 1701 mea
350 1665 456 1714 quod
478 1668 557 1701 visa
579 1670 641 1701 est
661 1666 734 1701 tibi
755 1670 884 1701 mater
903 1664 1060 1709 idonea,
1083 1667 1193 1700 cuius

180 1719 366 1768 exemplo
386 1719 493 1755 flecti
513 1732 576 1755 nie
598 1732 756 1769 quoque
778 1732 892 1768 posse
913 1723 1043 1768 puteS,

125 1776 262 1809 matris
283 1776 323 1808 in
343 1773 515 1809 admisso
534 1772 632 1809 falsa
652 1774 724 1809 sub
744 1775 918 1822 imagine
939 1772 1047 1809 lusae
1279 1773 1328 1808 45

181 1840 289 1863 error
308 1830 438 1871 inest3
468 1827 602 1876 pluma
623 1833 756 1864 tectus
776 1827 935 1864 adulter
955 1832 1051 1863 erat.

127 1881 183 1916 nil
205 1894 292 1930 ego,
315 1884 345 1917 si
366 1895 543 1930 peccem,
565 1895 724 1930 possum
745 1884 930 1926 nescisse,
952 1894 1027 1917 nec
1049 1881 1153 1917 ullus

181 1948 289 1972 error
309 1938 376 1985 qui
398 1935 494 1972 facti
516 1938 667 1972 crimen
688 1936 901 1972 obumbret
922 1937 1009 1971 erit.

329 2045 343 2058 ‘¹
368 2038 530 2070 Theseus.
711 2040 723 2058 ¹³
748 2038 843 2070 Leda
858 2038 928 2070 and
944 2039 1005 2070 the
1022 2049 1127 2070 swan.

130 2104 205 2138 226
